2340 3890
966 217 1011 286 55

77 402 188 466 laetum
199 400 256 474 sit,
277 409 310 468 ut
330 397 504 458 recentiores
524 395 649 459 editores
663 409 754 478 paene
771 421 868 462 omues
883 398 1010 481 adeoque

78 519 212 580 Orellius
237 517 383 596 glossema
402 512 494 576 istuds
527 537 580 577 nos
602 516 710 588 ducat,
732 518 923 596 recipiendum
943 539 1010 582 esse

76 637 140 698 sibi
163 632 381 716 persuaderent.
430 633 463 692 lu
484 633 614 724 plurimis
640 634 715 695 enim
738 645 767 692 et
786 635 900 713 optimis
927 635 1010 698 libris

76 753 215 816 omnibus
238 751 325 812 verba
345 751 401 810 ista
431 751 537 810 omissa
559 760 643 822 sunt,
673 761 755 830 atque
779 761 886 812 tantum
912 753 942 811 in
962 772 1011 814 eo-

80 867 150 930 diee
170 868 304 928 l’arisino
316 867 341 928 1.
366 879 395 928 et
416 867 614 946 Glogaviensi,
638 887 707 946 quos
729 868 818 928 libros
840 877 951 928 eonstat
965 888 1011 930 re·

19 1041 23 1050 ,
78 987 173 1048 fertus
189 1005 255 1046 esse
268 987 345 1046 omni
364 1003 472 1064 genere
489 984 703 1063 glossematum,
727 987 917 1066 reperiuntur.
945 984 1012 1046 dam

80 1103 109 1163 si
122 1105 292 1164 sententiam
310 1105 401 1182 ipsam
422 1113 548 1183 spectas,
571 1113 677 1162 tautum
691 1101 784 1175 abest,
808 1115 839 1162 ut
854 1104 910 1164 ista
924 1101 1013 1164 verloa

78 1220 251 1280 necessaria
273 1239 338 1280 esse
358 1218 529 1292 videantur,
553 1230 583 1277 ut
603 1220 748 1280 moliorem
771 1221 855 1280 otiam
877 1221 1013 1300 praebeat

82 1337 257 1399 sententiam
278 1335 392 1420 vulgata
413 1337 571 1416 scriptura,
604 1335 638 1396 de
661 1355 715 1414 qua
737 1336 828 1394 nullus
857 1338 1014 1398 movissent

83 1447 297 1525 dubitationes,
328 1454 432 1516 sirim
462 1452 618 1514 formulae:
650 1463 779 1514 tractore
805 1463 839 1512 ut
856 1473 942 1514 muna
970 1463 1013 1514 te-

81 1570 226 1633 nuissent.
278 1570 409 1649 Vellejus
437 1571 527 1642 enim,
556 1571 603 1649 qui
632 1567 680 1630 hie
708 1550 826 1649 loquens
857 1567 1011 1642 inducitur,

82 1687 216 1749 maximis
238 1686 368 1748 laudibus
385 1687 469 1748 ell'ert
485 1688 627 1765 ingenium
640 1667 733 1766 'etque
748 1706 866 1748 acumen
880 1685 1012 1766 Epicuri,

84 1803 191 1882 quippe
220 1801 267 1880 qui
289 1821 344 1862 nou
366 1801 456 1860 solum
478 1802 570 1862 auimo
591 1801 695 1863 viderit
714 1823 810 1866 rerum
829 1803 1014 1869 obscurarum

84 1917 181 2000 qualis
209 1925 290 1978 esset
311 1928 412 1981 natura
442 1913 532 1996 (quod
551 1916 616 1976 eliis
642 1918 818 2014 philosophis
841 1941 896 1980 non
923 1921 1014 1982 eonti-

86 2037 150 2116 git,
172 2035 219 2116 qui
240 2035 451 2096 commenticias
474 2043 581 2094 tantum
602 2045 686 2114 atque
705 2036 801 2097 fodies
823 2057 871 2100 res
889 2038 1015 2117 protule-

56 2147 60 2150 ’
87 2155 164 2226 rint,
186 2152 262 2212 eoul.
285 2173 312 2214 o.
329 2157 360 2214 8.
386 2150 419 2235 5.
437 2155 487 2212 te.
511 2171 537 2212 o.
553 2156 604 2211 ld.
628 2151 660 2235 5.
679 2152 770 2229 ἢ),
793 2151 845 2214 sed
869 2154 955 2216 etiam
977 2151 1014 2216 de

89 2267 176 2332 rebus
202 2268 260 2328 illis
291 2267 465 2342 reconditis,
494 2287 566 2350 quae
589 2270 796 2350 intelligentiae
821 2246 937 2332 nostrae
956 2271 1014 2333 vim

89 2386 192 2465 fugere
210 2383 357 2459 videntur,
387 2387 428 2446 ita
448 2385 602 2461 disseruit,
634 2388 723 2450 veluti
744 2386 779 2448 de
802 2388 908 2463 rebus,
941 2407 1014 2469 quae

89 2502 217 2564 manibus
251 2501 525 2583 comprehenduntur
560 2517 644 2584 atque
674 2515 740 2564 ante
769 2503 866 2566 oeulos
902 2506 1014 2586 positae

90 2631 164 2682 sunt.
208 2619 319 2682 Harum
340 2622 415 2682 enim
443 2632 543 2682 natura
565 2623 657 2701 qualis
676 2621 732 2694 sit,
760 2623 900 2682 nemiuem
919 2630 1015 2702 potest

90 2739 200 2818 lugere.
243 2736 387 2798 Dicuntur
406 2749 497 2798 autern
513 2737 627 2798 Latinis
648 2757 707 2810 res,
727 2759 798 2820 quae
818 2747 933 2818 apertae
949 2747 1015 2803 sunt

91 2865 121 2918 et
135 2856 312 2930 manifestae,
333 2858 362 2916 io
375 2856 588 2928 mursinense,
610 2853 657 2914 vel
670 2858 800 2918 mentius
813 2854 913 2925 teneri,
937 2853 1013 2921 eonl',

92 2969 155 3032 Cic.
177 2971 260 3040 Brut,
285 2991 311 3034 o.
327 2977 380 3032 80.
404 2969 436 3054 5.
451 2975 522 3032 2⁷⁷.
546 2989 630 3052 quum
652 2971 877 3034 tudertinensis
897 2988 1013 3030 senoru-

89 3089 199 3168 pertire
216 3089 365 3169 manifesto
387 3097 417 3148 et
435 3107 522 3150 mauu
550 3099 646 3152 maere
667 3093 796 3161 doemon
826 3086 1013 3168 similiterque

94 3221 151 3264 rem
173 3213 301 3264 tractore
319 3215 354 3266 ut
371 3223 457 3268 monn
483 3205 588 3268 dieitur
607 3208 652 3280 is,
680 3206 727 3286 qni
748 3203 784 3266 de
804 3203 890 3266 rebus
909 3205 1013 3268 oison-

93 3319 150 3393 τὴ,
179 3331 327 3399 perspecta
354 3339 450 3382 earum
479 3334 600 3396 natura,
629 3324 670 3384 ita
691 3320 829 3394 disserit,
857 3323 947 3386 veluti
975 3319 1012 3381 de

94 3435 193 3513 ntus,
224 3455 295 3520 queo
315 3446 382 3498 ente
401 3438 497 3502 oeulos
517 3450 583 3504 sunt
601 3439 735 3521 positae,
763 3437 809 3504 vel
829 3460 913 3502 manu
933 3455 1012 3500 eom,
