2340 3890
975 198 1018 268 51

86 378 321 471 παλινάγρετσς,
351 376 403 461 qui
428 389 484 441 etc.
513 349 563 441 iix
589 391 659 480 estc
684 377 757 462 qnod
786 403 1011 450 commemorem.

85 503 190 583 Neque
214 503 331 580 majonis
359 498 491 558 momenti
514 510 576 570 est,
608 497 682 579 quod
703 495 747 561 vii
775 499 873 561 doctus
901 501 1013 582 quidum

84 621 145 700 tegi
166 620 272 682 voluit:
296 619 355 678 Sed
367 619 417 676 illo
430 618 552 680 stultitia
564 620 717 694 pulmonis,
735 619 812 698 qnod
825 627 894 690 ete,
917 639 1012 698 quum-

72 747 171 817 ·q'nnm
199 735 230 796 id
256 754 325 796 vene
354 734 460 805 sensit,
500 734 526 792 si
553 734 668 812 vnigntn
698 736 839 814 scripturn
868 747 1009 810 servetur,

85 850 227 932 eJusmodi
247 851 314 932 quid
336 847 492 910 addendum
515 867 592 910 esse.
637 849 695 912 Sed
714 853 813 911 minum
829 862 891 924 est,
914 852 1012 930 negle-

84 981 158 1030 ctum
175 970 306 1048 jacuisse
321 987 382 1028 eum
405 967 618 1044 conjecturum,
640 987 712 1047 quae
732 989 794 1028 men
816 966 927 1050 quidem
950 970 1012 1049 opi-

81 1089 168 1147 nione
191 1087 315 1146 omnium
335 1096 381 1144 est
402 1085 538 1144 facillima
560 1095 643 1164 atque
666 1086 832 1163 aptissimo,
855 1106 936 1166 qnnm
949 1084 1011 1146 De·

80 1206 174 1264 nisius
203 1203 347 1282 inprime
372 1201 472 1260 luorum
493 1201 629 1260 librorum
651 1198 776 1261 editione
804 1215 1007 1282 proposuerat:

82 1321 144 1382 Sed
171 1322 221 1380 illu
244 1321 389 1398 polmuriu
415 1287 545 1398 ducilem,
562 1315 655 1398 'q'nod
680 1328 758 1389 ete,
794 1329 877 1398 ntque
905 1332 1010 1399 cogunt

81 1433 304 1516 quodammodo,
328 1447 359 1494 nt
379 1435 419 1494 ite
441 1435 619 1507 scribamus,
644 1451 697 1506 ee,
721 1452 793 1514 qnae
811 1435 938 1514 proxime
961 1455 1012 1496 an·

80 1551 233 1613 teooduntz
260 1555 373 1632 longum
390 1563 435 1612 est
453 1555 559 1632 omnen,
582 1570 656 1632 quoe
676 1553 748 1612 tobit
762 1561 840 1623 sunt,
862 1562 897 1612 nt
912 1563 1011 1632 optato

79 1672 192 1748 magis,
222 1689 305 1748 quom
333 1673 447 1728 tenente
477 1671 644 1740 videantur,
679 1667 780 1748 quibus
810 1689 865 1728 non
897 1667 1006 1745 dubito,
1085 1731 1088 1744 ‚

80 1777 151 1866 quin
174 1801 208 1846 ee
229 1797 356 1863 qnoque,
378 1801 450 1862 queo
471 1794 645 1862 sequuntur,
667 1784 902 1848 accommodando
922 1787 991 1850 sint.

143 2015 212 2080 Lib,
236 2013 271 2078 de
293 2028 352 2078 nnt.
376 2015 457 2078 deon.
473 2016 499 2077 l.
522 2033 549 2075 c.
569 2019 620 2076 to.
642 2015 683 2076 in.
711 2020 768 2098 Qui
784 2041 851 2080 oero
874 2020 1007 2082 mnndum

77 2139 173 2218 dueum
211 2138 381 2196 untinontem
409 2136 633 2214 supt'entcmquc-
650 2154 711 2196 cose
739 2137 891 2220 dicerunt,
928 2139 1007 2198 nullo

78 2254 166 2315 modo
197 2253 345 2324 uiderunt,
385 2254 604 2314 conuiuatum
631 2249 834 2333 intelligentis,
863 2257 893 2318 in
921 2275 1006 2337 quom

67 2371 205 2452 figuram
228 2369 331 2430 cudere
345 2379 454 2449 posset.

145 2485 272 2546 Oneilins
293 2487 348 2546 hoe
367 2487 432 2545 loco
451 2503 520 2546 cusu
540 2487 651 2567 megin,
679 2505 761 2568 qnam
782 2498 860 2549 centn
885 2487 1003 2572 quodum

78 2603 190 2664 ratione
207 2601 306 2663 ductus
327 2604 356 2661 in
373 2622 433 2662 eum
450 2604 598 2664 lectionem
615 2603 753 2665 incidisse
771 2605 894 2680 videtur,
905 2625 1008 2700 'quaes

79 2737 144 2780 mee
163 2719 275 2800 quidem
294 2713 427 2798 opinione
435 2697 455 2793 ,⁸
466 2695 628 2781 'maximnm
648 2739 721 2802 pone
738 2743 772 2784 so
791 2725 849 2784 ient
870 2721 1003 2802 probahi-

77 2835 167 2896 litotie
189 2837 324 2918 speciem.
362 2835 437 2897 Nem
458 2849 490 2897 nt
508 2858 544 2898 ex
566 2838 630 2917 ejod
651 2843 830 2900 annotatione
850 2835 949 2918 videre
967 2835 1004 2896 li·

79 2961 146 3024 cet,
170 2973 225 3012 uon
246 2953 281 3016 nb
302 2955 376 3014 omni
398 2955 560 3036 suspicione
580 2956 654 3016 hunc
680 2957 771 3017 locum
794 2956 913 3015 liberum
935 2971 1002 3015 osse

79 3064 269 3143 existimavit,
299 3089 382 3150 quum
404 3082 434 3133 et
459 3071 495 3132 de
515 3074 759 3135 untinivocabnlo
779 3069 864 3131 etde
885 3071 1001 3150 pantici-

77 3185 128 3265 pio
154 3185 336 3264 inteld'gmtt'e
360 3187 549 3250 dubitationes
579 3201 716 3250 moveret.
760 3185 894 3247 Plurimis
924 3191 999 3249 enim

78 3302 108 3362 in
129 3297 275 3362 codicibus
296 3314 326 3364 et
351 3306 472 3385 antiquis
496 3304 667 3366 editionibus
688 3304 758 3364 hneo
780 3305 821 3364 ito
847 3307 996 3388 leguntur:

77 3421 153 3483 nullo
182 3421 265 3482 modo
293 3417 424 3486 ouonn'c
454 3425 546 3484 unuin
567 3429 719 3504 notorem,
753 3425 941 3504 intedimus
968 3426 997 3489 ti·

741 3535 795 3604 Η
