2340 3890
865 169 869 180 .
971 145 1014 210 a
1034 4 1169 175 Ἶ

85 344 214 398 eramur,
238 323 295 384 nisi
319 333 475 396 teneamus,
499 321 566 384 irleo
582 320 750 398 haerverlaa
769 322 896 388 addenda
908 328 1011 403 luisse,

85 454 118 505 ot
141 441 350 522 argumentatio
372 442 408 499 iis
432 438 657 510 concluderetur.
700 438 767 500 Lib.
791 440 826 502 dc
847 454 905 504 nat.
930 444 1010 507 deor.

5 603 9 610 -
85 561 143 622 ΠΙ.
178 580 205 619 c.
231 563 261 617 9.
295 556 327 640 ξ.
349 563 399 616 25.
433 559 542 636 Quodsi
565 558 684 618 mundos
712 559 860 619 natamus
884 581 940 622 non
971 575 1015 624 est

85 681 178 748 deus,
201 697 237 736 oe
256 678 356 736 stellae
374 675 497 754 qutilem,
518 694 590 756 quas
613 685 643 761 lu
664 676 881 736 annumerantes
902 679 931 737 in
948 680 1013 738 deo·

87 815 156 855 rum
174 813 289 853 numero
308 793 475 872 reponebas,
519 811 546 851 e.
566 796 616 850 26.
641 789 672 873 ἕ.
691 797 742 850 68.
766 794 841 852 Huic
861 792 1013 873 (Medeae)

86 923 125 972 ut
152 912 258 981 scelus,
287 912 329 969 sic
349 931 385 970 ne
411 911 489 970 retro
519 910 629 988 quantem
656 907 764 990 ἁφαῖς
797 909 844 968 nbi
865 910 942 971 nulla
969 923 1014 972 est

83 1026 238 1110 gradatio,
269 1024 320 1086 sed
340 1028 421 1108 paria
449 1025 505 1086 sihi
533 1024 732 1105 adjunguntur.
776 1027 894 1105 Tuscul.
918 1026 1015 1108 dispo·

81 1156 150 1207 tatt.
175 1142 227 1204 lib.
242 1143 267 1202 l.
290 1163 317 1203 c.
337 1149 368 1204 6.
387 1142 419 1227 ξ.
440 1147 491 1203 te.
517 1146 553 1204 Si
570 1146 661 1222 agitur
677 1163 734 1202 non
754 1154 832 1216 sont,
853 1147 930 1228 atleil
943 1153 1013 1226 poo-

80 1274 156 1325 swrt
173 1282 257 1333 cssc3
283 1264 325 1322 alo
343 1283 379 1322 ne
398 1263 499 1322 maceri
522 1261 632 1341 qutilem
652 1269 736 1330 sunt,
767 1259 788 1318 i.
807 1279 834 1320 e.
858 1262 919 1322 also
941 1255 1014 1322 ancli

80 1380 166 1440 nieht
185 1378 377 1457 unglilclrliclr.
414 1375 477 1437 lbd.
500 1398 526 1437 o.
547 1383 576 1436 7.
603 1373 635 1458 §
656 1381 709 1434 tt.
732 1378 897 1450 ectoromti,
921 1380 1013 1459 otfo-

84 1507 184 1568 rerer,
215 1497 267 1574 qui
283 1475 394 1554 amarae
416 1514 471 1554 oon
498 1505 607 1566 essent,
622 1528 625 1536 ι
639 1514 687 1554 eos
708 1514 744 1554 ne
764 1495 882 1554 laeseras
902 1496 1013 1574 porilem

82 1633 149 1674 esse
165 1631 261 1690 posse.
292 1609 355 1671 lhd.
381 1631 408 1670 c.
425 1615 476 1669 25.
501 1609 533 1693 5.
552 1615 604 1669 δῦ.
627 1620 657 1670 et
673 1616 724 1671 54.
750 1611 854 1691 quodsi
868 1631 1013 1692 nunquam

82 1731 203 1798 maur,
224 1747 261 1788 ne
280 1726 388 1796 accedit
401 1726 511 1804 qor'dem
532 1746 665 1802 unquam.
702 1729 758 1788 llis
779 1729 851 1790 locis
868 1729 1010 1822 omnilips‚

82 1844 187 1926 quihus
211 1843 261 1902 alii
282 1839 434 1923 permulti,
458 1840 483 1899 si
500 1859 570 1919 opos
591 1852 687 1912 esset,
710 1841 774 1900 aldi
797 1857 925 1924 possent,
947 1865 1013 1926 par-

81 1962 191 2023 tienlae
212 1981 306 2021 ne-
326 1958 440 2038 puellm
456 1956 560 2016 nnllam
581 1957 664 2016 aliam
688 1955 793 2018 habere
808 1970 927 2038 possunt
941 1963 1010 2034 vim,

82 2078 143 2141 nisi
173 2096 254 2156 quam
277 2095 329 2136 nos
351 2073 543 2154 significamus
571 2073 734 2154 particulis:
767 2077 840 2136 auch
861 2078 942 2137 acolt
966 2077 1011 2137 vel

83 2199 149 2258 also
170 2195 244 2254 ooclt
265 2195 354 2253 urolt.
397 2190 489 2252 Paulo
510 2189 626 2251 diversa
647 2201 692 2251 est
714 2209 748 2250 ea
773 2193 858 2264 ratio,
880 2212 935 2273 qua
957 2192 1011 2254 lnae

81 2309 243 2396 particulae
262 2319 402 2390 ponuntur
422 2311 451 2369 in
473 2307 605 2368 diluenda
625 2306 784 2371 adversarii
808 2306 1011 2390 disputatione·
1125 2310 1129 2318 '

82 2431 134 2491 ubi
156 2423 273 2487 eandem
290 2426 346 2486 vim
368 2423 529 2486 adsciscunt
535 2469 546 2498 ,
573 2446 654 2505 quam
675 2427 705 2485 in
726 2427 866 2486 sententia
888 2427 1010 2488 affirma-

83 2549 145 2606 tiva
165 2543 271 2606 habeut
290 2543 445 2623 particulae
466 2553 495 2603 ct
515 2545 625 2621 porilem
636 2569 649 2616 ,·
670 2541 705 2603 de
724 2561 778 2623 qua
800 2561 832 2603 re
853 2542 910 2603 vid.
927 2541 1011 2604 Mad-

85 2665 147 2740 vig.
173 2663 202 2721 in
222 2657 384 2722 Emendatt.
407 2657 483 2718 Tull.
506 2658 543 2718 P.
562 2659 588 2724 l.
610 2681 639 2739 p.
655 2665 706 2720 tto.
