2340 3890
134 137 219 260 '⁵2

177 391 261 454 quem
272 370 405 450 figurem
420 372 523 434 eodem
537 379 653 450 posset,
676 369 750 450 quod
764 385 928 452 quamquem
942 376 1027 434 tutati
1044 386 1116 436 sunt
1151 439 1152 478 ἡ

123 511 127 520 ’
176 487 351 561 Ernestius,
378 488 562 550 Heindorlius
591 498 620 547 et
640 487 796 563 Mosorus,
830 501 923 553 tamen
951 492 1024 552 ferri
1054 513 1114 554 nou

88 660 90 668 ,
178 625 265 688 posse
293 605 404 668 viderat
425 607 485 684 jans
506 605 681 678 Lambinus,
712 607 758 686 qui
783 605 896 680 docuit,
927 608 1113 671 scribendum

181 735 261 784 eerte
283 743 368 785 esse:
389 702 445 784 neo
466 725 674 802 intelligentes,
700 721 729 781 id
750 722 824 803 quod
842 726 905 804 ipsa
925 727 1042 804 linguae
1064 747 1114 788 ra·

182 843 224 902 tio
243 841 384 922 postulat3
415 849 445 900 et
465 841 574 920 recepit
595 840 649 902 hoo
672 839 821 905 Davisius.
865 843 927 904 Alii
951 831 1023 904 alias
1043 865 1113 924 pro·

182 968 338 1040 posuerunt
375 957 571 1035 conjecturas,
606 977 675 1037 quas
690 961 870 1028 'enumerare
906 961 1020 1038 longum
1052 972 1109 1022 est.

182 1073 242 1136 Sed
261 1073 423 1136 Eiehstadii
450 1072 694 1147 emendationem,
724 1053 854 1154 quoniam
881 1075 934 1136 Fr.
958 1078 997 1138 A.
1022 1077 1112 1140 wot-

181 1190 254 1262 lius,
276 1177 452 1252 Matthiaoos
468 1202 498 1252 et
510 1191 646 1252 Moserus
663 1212 725 1254 eem
746 1193 946 1273 probauerunt,
969 1213 1025 1254 non
1042 1206 1110 1275 puto

182 1290 460 1388 praetermittendam
475 1327 561 1381 esse,
582 1310 608 1369 is
626 1309 716 1388 igitur
729 1311 770 1369 ita
790 1309 937 1388 legendum
960 1329 1026 1370 esse
1043 1332 1111 1372 een-

178 1427 262 1488 suit:
285 1429 364 1489 nullo
384 1428 466 1487 modo
484 1427 637 1510 oederent,
667 1415 760 1490 anton·
774 1438 882 1488 notura
902 1437 932 1488 ot
950 1429 1109 1507 eletelligeo·

185 1545 228 1604 tio
247 1547 276 1604 eie
297 1564 380 1622 quom
390 1543 523 1622 figntrum
544 1526 648 1604 eadere
662 1553 777 1621 posset,
802 1540 875 1622 quod
891 1559 1057 1624 quamquam
1076 1544 1109 1606 ad

187 1659 354 1720 seutentiam
375 1659 464 1738 ipsa·
487 1658 559 1740 satis
590 1667 636 1720 est
656 1669 770 1738 aptum,
804 1661 888 1720 nimis
908 1671 1001 1720 tamon
1022 1682 1040 1722 e
1063 1683 1109 1724 eo-

184 1773 278 1836 dieum
300 1775 423 1836 lectione
448 1755 569 1836 recedit.
619 1774 702 1850 Quae
723 1795 805 1855 quum
830 1775 948 1838 eandem
974 1778 1109 1858 praebeat

186 1893 373 1968 sententiam,
394 1893 498 1952 nullam
519 1893 604 1952 aliam
625 1891 660 1951 ob
682 1911 796 1952 eausam
821 1895 929 1954 avinis
951 1893 1043 1956 doctis
1066 1917 1110 1958 re·

184 2008 300 2090 pudieta
320 2021 382 2083 est,
413 2029 493 2090 quam
517 2007 590 2088 qnod
611 2007 667 2071 diei
688 2027 743 2069 uon
759 2024 850 2089 ¹posse
870 2009 1018 2090 pitoreot:
1048 2017 1110 2076 oni·

185 2147 249 2190 mus
270 2131 442 2207 intelligens.
476 2127 552 2188 Nam
567 2127 598 2186 in
619 2125 801 2205 plurimorum
814 2127 950 2188 librorum
965 2127 1109 2194 lectione:

185 2245 374 2321 intelligentes
401 2253 468 2323 puto
489 2243 580 2310 latere
599 2261 695 2304 veram
723 2243 890 2322 scripturam
912 2248 1109 2324 mtet'gesns

185 2357 260 2438 quod
283 2360 409 2419 nonnulli
430 2358 543 2420 codices
564 2360 649 2440 plane
676 2358 730 2421 hoe
751 2331 833 2422 modo
853 2362 998 2425 exhibent.
1043 2365 1111 2427 Hoc

183 2476 274 2554 igitur
296 2475 352 2536 diei
374 2497 460 2558 posse
475 2487 663 2557 negaverunt
689 2475 846 2551 Davisius,
875 2479 1060 2542 Heindorlius
1083 2493 1111 2542 et

183 2593 332 2666 Woldus,
361 2597 427 2674 quia
452 2615 508 2655 non
535 2596 645 2654 animus
674 2595 805 2688 omnino,
834 2593 886 2656 sed
910 2608 1109 2676 perstantem

184 2713 289 2786 enimi,
316 2731 411 2789 mens,
440 2711 646 2791 intelligentiae
666 2712 704 2772 sit
724 2714 887 2794 particeps3
914 2734 1109 2796 necunquam

184 2827 354 2892 Ciceronem
370 2831 411 2890 ito
427 2829 550 2890 locutum
566 2849 631 2890 esse
644 2829 792 2890 affirmant.
838 2829 923 2905 Quod
942 2849 1108 2913 quamquam

181 2967 281 3010 verum
301 2959 363 3022 est,
394 2947 478 3007 nimis
501 2956 595 3008 tauma
617 2945 748 3008 videntur
767 2947 820 3008 hae
842 2947 872 3008 iu
893 2967 926 3011 re
945 2950 1039 3014 luisse
1060 2971 1108 3012 eu·

181 3064 264 3128 riosi.
313 3066 390 3156 Nam
409 3066 522 3128 etiamsi
541 3066 614 3126 alias
640 3085 696 3126 non
716 3064 757 3124 ita
776 3063 886 3126 loeutus
915 3075 960 3126 est
980 3067 1106 3141 Tullius,

181 3185 275 3240 tamen
294 3181 349 3243 hoe
369 3183 432 3244 loeo
452 3201 565 3244 eausam
587 3182 813 3244 animadvertero
833 3183 913 3256 lieet,
935 3201 987 3244 eur
1007 3184 1049 3246 ita
1070 3186 1108 3246 sit

180 3291 301 3356 loeutus.
346 3299 422 3360 Nam
449 3319 532 3380 quum
551 3299 683 3380 Vellejus
704 3299 885 3380 Epicureus,
919 3300 967 3380 qui
989 3299 1036 3362 hio
1064 3299 1108 3362 lo·

179 3429 268 3492 quens
295 3411 500 3493 introducitur,
527 3416 596 3480 duos
624 3435 671 3482 res
693 3418 723 3482 ia
744 3415 862 3484 deorum
882 3393 1108 3502 narmo'req‘ui-
