2340 3890
154 164 177 234 t

157 361 222 422 tor,
245 345 355 426 quibus,
377 355 408 404 ut
429 343 504 404 inira
526 340 701 415 docebimus,
724 343 795 404 nihil
815 354 862 406 ert
885 341 1090 420 similitudinis

157 486 219 527 eum
240 464 297 535 iis,
325 459 361 521 tie
383 461 483 541 quibus
502 461 549 520 hie
571 459 718 522 dicendum
741 472 796 523 est.
847 459 979 542 Denique
1005 481 1083 522 eom-

156 577 337 654 memorania
362 590 407 639 est
437 577 545 638 Handii
574 579 736 651 sententia,
763 579 811 658 qui
839 577 869 637 in
898 579 1084 641 annotatione

26 679 29 686 k
155 696 193 760 ati
211 694 502 776 Wopkensii-Leett.
525 695 602 756 tutt.
627 716 656 775 p.
671 701 725 756 47.
747 705 806 754 not.
821 699 874 779 80..
905 694 1084 756 animadver-

156 817 202 888 tit,
226 833 339 898 eausam
355 812 443 890 ¹isujus
464 812 507 871 rei
529 811 716 890 quaerendam
737 814 845 873 esseio
867 813 978 873 ratione
998 832 1084 892 prae·

156 932 259 993 sentis.
308 927 343 988 lt
363 929 458 1001 enin,
489 897 573 1008 quum
602 927 638 988 de
669 930 811 990 sententia
839 927 941 988 dudum
970 929 1084 1009 prolata

156 1059 275 1128 agatur,
304 1049 361 1107 vim
382 1045 488 1106 hahere
515 1045 682 1128 praeteriti,
713 1045 786 1106 unde
807 1056 886 1126 reete
914 1047 1006 1107 oratio
1028 1065 1085 1126 per

155 1164 351 1252 imperfectupr
372 1182 494 1245 pergere
517 1163 621 1242 possit.
665 1161 751 1239 Quod
772 1163 841 1224 lieet
860 1183 914 1244 por
935 1182 968 1222 so
988 1162 1085 1223 veris-

157 1284 259 1344 simum
285 1282 339 1355 sit,
376 1292 469 1368 tamen
496 1280 526 1340 iu
554 1300 604 1340 eos
632 1291 737 1341 tantum
763 1280 842 1342 ioeos
871 1279 1019 1352 convenit,
1049 1279 1083 1341 ἰιι

157 1399 258 1482 quibus
280 1410 423 1459 structura
444 1397 598 1456 accusativi
619 1417 681 1457 ιιι
705 1395 843 1456 infinitivo
864 1397 955 1472 locum
977 1395 1082 1470 habet3

139 1523 336 1599 'quamquam
351 1515 382 1572 in
408 1513 515 1572 esteris
545 1531 655 1591 quoque
685 1514 892 1573 enuntiatorum
927 1512 1083 1594 generibus

156 1631 301 1714 praesenti
322 1649 377 1688 noa
401 1627 486 1686 aliter
511 1619 606 1708 potest
624 1629 820 1710 imperfectum
840 1629 992 1710 subjungi,
1024 1631 1085 1690 uisi

156 1748 205 1808 ubi
227 1743 296 1805 ittud
317 1744 464 1824 praeteriti
479 1745 534 1805 uim
555 1744 650 1806 habet.
693 1745 844 1841 Postremo
861 1765 935 1826 quae
949 1747 1087 1808 Goeren-

157 1865 240 1954 zius2
279 1861 415 1925 Moserus
445 1861 549 1942 aliique
579 1860 614 1924 da
641 1862 695 1925 hae
729 1883 762 1926 re
788 1876 999 1946 exposuerunt,
1028 1884 1084 1926 suo

157 1975 285 2064 querique
305 1978 368 2041 loeo
388 1980 677 2040 commemorabimus.

218 2097 284 2160 Jam
315 2099 342 2157 si
364 2095 623 2176 comprehendimus
645 2114 700 2166 aa,
728 2112 800 2174 quae
819 2114 839 2153 a
859 2095 930 2154 viris
959 2090 1086 2158 eruditis

158 2211 194 2274 (ie
215 2213 269 2272 hac
289 2222 444 2289 temporum
468 2207 678 2290 jungendorum
698 2209 810 2270 ratione
836 2207 981 2292 disputata
999 2224 1083 2288 sunt,

158 2322 304 2406 sejunctis
323 2325 382 2396 iis,
408 2343 481 2404 quae
508 2335 557 2384 aut
583 2325 657 2387 faisa
682 2337 749 2388 suut
765 2293 899 2409 ¹aperte,
927 2340 975 2390 aut
1001 2341 1087 2394 certo

157 2445 249 2505 minus
272 2440 441 2528 probabilia,
462 2442 643 2524 ipsorumque
658 2445 797 2519 iocorum,
818 2446 866 2527 qui
887 2446 917 2508 iu
936 2447 1088 2527 quaestio-

158 2579 223 2622 nem
242 2557 363 2632 eadunt,
396 2569 497 2620 ιιιιιιι
515 2571 599 2641 atquo
622 2564 732 2624 ratione
753 2561 917 2644 explorata,
945 2564 1088 2643 iutelligi-

158 2691 222 2754 tur,
244 2697 299 2740 uon
319 2695 406 2758 poseo
426 2680 569 2756 praesenti
591 2678 705 2760 adjungi
727 2681 934 2760 imperfectum,
954 2681 1011 2739 nisi
1032 2681 1087 2742 ubi

29 2787 31 2792 ⁸
158 2817 295 2880 praeseus
326 2803 423 2854 teneat
448 2797 597 2874 praeteriti
627 2797 738 2870 lorum,
769 2805 820 2856 aut
837 2807 921 2858 ›certa
947 2797 978 2857 in
997 2817 1087 2878 prae-

159 2925 242 2974 sente
263 2912 347 2974 simul
367 2911 438 2971 insit
455 2913 499 2972 vis
523 2914 682 2993 praeteriti.
726 2912 801 2974 litut
817 2933 885 2976 vero
906 2913 935 2973 in
956 2932 1006 2975 eos
1021 2933 1086 2976 ma-
1155 2923 1156 2926 ’

158 3031 235 3090 xime
263 3029 341 3090 eadit
361 3028 460 3101 locos,
487 3028 639 3110 inquibus
668 3049 807 3110 praeseus
836 3039 946 3111 spectat
971 3028 1086 3094 adres

159 3146 351 3225 praeteritam
378 3144 472 3218 unde,
505 3145 635 3226 quonian
662 3146 708 3207 hio
736 3167 805 3209 usus
833 3145 906 3228 apud
926 3146 1086 3212 historicos

159 3259 337 3342 potissimum
364 3263 507 3343 reperitur
532 3263 707 3344 scriptores,
737 3283 874 3347 praesens
901 3263 972 3326 iliud
989 3269 1089 3327 aomi—
1155 3354 1156 3371 Χ

158 3389 252 3440 uotum
273 3384 320 3438 eat
338 3377 514 3472 trituratum.
558 3379 655 3464 Atque
674 3401 731 3444 uou
755 3401 822 3448 rato
842 3393 989 3463 atrumque
1010 3393 1088 3446 tem·
