2340 3890
168 129 212 196 68

168 320 212 368 set
229 307 353 379 tuenda,
386 327 447 368 eanr
470 308 529 382 ita,
560 310 601 368 uti
623 311 817 388 nonnunquam
843 305 1009 388 accipienda
1029 317 1091 380 est,

168 425 355 505 explicarem,
378 437 408 484 nt
429 426 606 506 significetur
625 425 672 498 id,
694 425 768 508 quod
788 447 839 486 nos
862 425 1003 485 dicimus:
1034 445 1093 485 von
1159 451 1161 488 ι

168 544 262 604 Set'ten
293 543 337 603 vel
372 546 400 604 in
425 546 584 622 Anselnng
614 545 673 604 des
690 553 824 622 grissten
852 547 976 604 stantes.
1027 539 1094 602 Soa

167 657 336 734 Lehnerus,
358 633 405 740 qni
428 661 500 720 hane
514 661 751 742 praepositionem
768 659 900 732 addidit,
913 679 997 740 quum
1018 656 1094 718 dicit

168 780 322 838 accurtato
348 775 421 836 idern
449 799 532 850 esse,
562 777 636 858 qnod
662 781 691 838 in
711 781 842 852 ciuitate,
872 777 1023 836 manifesto
1046 787 1095 836 est

167 895 197 953 in
218 913 328 954 errore.
372 894 474 974 Neque
494 897 538 969 is,
568 917 661 975 aquo
682 894 789 955 ideireo
820 895 1010 974 reprehensus
1031 903 1090 966 est,

166 1010 319 1085 Moserus,
341 1012 533 1091 probabiliora
549 1013 661 1085 attulit,
684 1033 766 1092 quum
788 1013 846 1091 legi
871 1012 975 1073 voluit:
1001 1013 1030 1071 in
1051 1013 1093 1072 ei-

166 1130 270 1200 oz’tate,
301 1149 382 1207 quam
404 1130 433 1188 in
459 1129 651 1208 conjecturam
674 1128 811 1210 quomodo
839 1127 967 1188 incidere
990 1138 1091 1207 potne-

166 1245 222 1318 rit,
255 1263 289 1304 eo
310 1247 400 1325 magis
421 1247 527 1320 miror,
555 1267 638 1327 quum
658 1249 722 1326 ipse
740 1245 870 1305 attulerit
888 1245 979 1305 loennn
1002 1245 1092 1304 simil·

166 1360 263 1422 limnnr
285 1381 322 1422 ex
344 1361 532 1445 Cie'Topie.
557 1385 583 1425 e.
603 1369 655 1424 tt.
673 1361 705 1447 ἓ.
721 1369 772 1422 80.
799 1367 894 1424 Causa
917 1364 1005 1422 oern's
1021 1381 1090 1441 per-

166 1465 262 1552 ennis,
286 1482 371 1552 loeti,
395 1483 620 1560 temporibus-
636 1484 765 1541 cernatur·
782 1517 818 1528 -
837 1501 891 1559 quo
912 1489 1006 1538 tamen
1029 1479 1090 1538 loeo

166 1583 267 1656 adaluni
286 1617 341 1655 nnn
367 1599 488 1676 potuit,
511 1608 542 1656 nt
562 1599 752 1676 supprimeret
772 1599 856 1656 istam
885 1596 1089 1675 conjecturam,

166 1711 272 1786 eredo,
305 1711 380 1792 qnod
401 1713 448 1772 hie
469 1731 578 1794 qnoque
604 1715 842 1795 praepositionem
870 1717 899 1774 in
921 1711 1091 1773 subaudien-

167 1827 230 1890 (lam
250 1849 316 1890 esse
334 1841 446 1910 putaret
452 1853 463 1903 3
485 1829 521 1890 de
534 1831 588 1910 qua
601 1851 634 1890 re
655 1833 803 1910 quominus
819 1831 989 1910 cogitemus,
1008 1827 1092 1890 valtle

168 1958 214 2007 est
234 1946 399 2009 caverrdnrn.
444 1947 500 2006 Est
521 1949 594 2007 enirn
619 1949 644 2007 is
666 1968 734 2008 nsns
755 1947 890 2020 ablativi,
913 1957 961 2019 nt,
992 1949 1019 2006 si
1042 1969 1093 2008 no-

167 2075 213 2126 tae
235 2075 284 2123 ant
303 2063 401 2124 indicii
422 2064 658 2143 significationem
679 2067 838 2137 contineat,
863 2065 1093 2145 praepositiones

73 2253 77 2262 ‚
168 2182 349 2253 omittantnr3
378 2183 450 2260 qnae
480 2183 505 2240 si
532 2180 688 2256 adduntur,
718 2182 858 2242 sententia
887 2180 998 2260 quidem
1029 2181 1094 2243 iere

170 2295 268 2356 eadem
289 2297 402 2369 existit,
426 2295 477 2356 seul
498 2317 557 2357 rem
580 2299 674 2378 paullo
689 2299 782 2358 'aliter
802 2300 952 2378 cogitatam
967 2317 1035 2359 esse
1049 2299 1094 2358 in·

170 2413 319 2492 telligitur.
357 2414 455 2494 ltaque
476 2413 550 2474 hnne
573 2415 665 2475 lnennn
680 2416 720 2476 ita
740 2417 894 2476 verterim:
920 2418 1013 2477 domat
1026 2436 1093 2478 mna

170 2549 207 2591 nn
227 2533 289 2590 dem
319 2539 451 2609 grtssten
479 2534 580 2594 Stante
605 2536 689 2595 solen
717 2535 807 2595 latone
828 2544 883 2594 ete.
928 2531 1020 2612 Cujus
1048 2537 1094 2596 rei

171 2651 226 2710 etsi
247 2649 333 2708 multa
357 2661 470 2709 exstant
491 2651 639 2731 exempla,
666 2671 739 2731 qnae
765 2649 976 2712 similitudinem
1005 2669 1095 2730 qnan-

171 2763 234 2827 (lann
257 2765 394 2838 habeant,
417 2768 605 2847 nonnullaque
625 2777 761 2846 tongesta
783 2777 849 2827 sunt
869 2787 886 2827 a
904 2767 1042 2828 Wnrrnio
1065 2770 1095 2828 in

171 2881 362 2946 commentar.
394 2883 431 2943 ad
459 2884 599 2946 Dinareh.
629 2905 657 2966 p.
674 2891 813 2964 lllsqq„
850 2905 905 2943 non
934 2895 1030 2944 tamen
1059 2885 1095 2944 ad

170 3021 255 3062 unum
277 3005 366 3081 genus
386 3001 489 3061 referri
510 3014 628 3082 possunt
647 3003 751 3062 omnia.
796 3001 870 3061 Nam
884 3003 913 3061 in
935 3001 1001 3061 aliis
1017 3001 1096 3061 alsla-

171 3119 258 3178 tivum
288 3131 372 3179 notae
402 3138 467 3178 esse
494 3115 618 3191 dixeris,
651 3121 681 3178 in
709 3119 777 3177 aliis
804 3117 956 3204 ablatirnqr
986 3119 1094 3178 instrn-

171 3236 276 3306 menti,
306 3237 335 3295 in
355 3237 418 3296 aliis
442 3236 558 3296 finitima
586 3239 632 3295 est
651 3235 722 3294 haee
743 3233 868 3295 struendi
890 3236 964 3295 ratio
993 3235 1095 3296 allati-

170 3352 215 3412 vis
236 3356 473 3431 consequentia03
497 3353 570 3415 uncle
593 3353 634 3426 lit,
657 3363 688 3412 ut
710 3351 790 3412 nando
812 3355 841 3412 in
864 3350 945 3412 nrorlo
967 3375 1007 3413 en
1029 3353 1096 3414 snb-
