2340 3890
151 169 220 238 ·l8

178 359 234 419 lam
258 341 339 414 enam
367 357 507 416 rubbnem
531 338 778 434 Syracusanam'‚'
798 353 829 416 in
856 342 983 433 mergunt
1006 363 1108 416 entem

175 472 310 554 editionis
328 473 394 532 enni
413 477 526 532 libila
558 471 654 552 refert
666 474 747 532 'r'llum
766 475 1002 532 euamretrbnem
1015 473 1105 551 Syr„

179 589 320 650 Gruterus
334 600 425 650 entem
434 633 445 662 ,
468 588 538 648 nihil
553 589 681 662 addens,
705 575 914 670 Syracusanam
931 591 1108 650 eanb'lenam

179 707 301 786 intelligi
317 707 416 778 veluit,
436 691 584 787 Zumptiue
601 706 695 788 (cujus
710 707 848 767 rationem
866 705 997 786 probavit
1011 704 1111 768 Creu·

179 845 242 886 zer.
259 825 288 883 in
304 822 410 883 Annnl.
426 809 514 884 litter.
528 823 692 886 vindebon.
709 829 801 883 1855.
819 824 887 886 Vol.
906 828 957 882 62.
974 843 1002 902 p.
1014 824 1108 904 tut.)

179 945 228 1004 rei
246 939 409 1001 vocabulum
436 940 655 1001 subaudiendum
677 961 744 1003 esse
766 941 896 1012 censuit3
934 937 1108 1002 Sebuetnius

180 1058 301 1136 denique
340 1057 487 1117 admodum
515 1058 701 1138 probabiliter
725 1059 863 1139 fabulum
891 1056 1110 1136 intelligendam

179 1193 246 1234 esse
260 1173 396 1254 conjicit,
419 1193 501 1254 quum
521 1175 634 1256 referre
645 1175 781 1256 subulam
801 1175 875 1236 idem
894 1176 949 1248 sit,
972 1174 1047 1253 quod
1066 1175 1110 1234 ln·

180 1291 275 1352 bulum
299 1311 439 1373 reponere
459 1303 488 1352 et
507 1279 618 1353 ‘iterum
639 1294 668 1352 in
693 1313 778 1354 scena
806 1291 912 1372 eger03
946 1309 1002 1370 qua
1021 1291 1051 1376 in
1077 1309 1110 1350 re

179 1409 271 1470 nestri
300 1409 444 1469 dicerent:
481 1430 515 1469 er
536 1412 635 1489 spielte
658 1397 876 1473 drb'Cemoedr‘e
900 1429 953 1470 non
977 1411 1110 1486 Syracu-5

179 1528 252 1588 need
275 1529 389 1587 elamat.
433 1526 498 1586 dem
519 1545 607 1597 vero,
632 1527 693 1586 sive
714 1527 837 1586 bibulam
859 1527 921 1588 sive
936 1524 1109 1586 cantilenam

179 1642 391 1720 intelligendam
408 1661 474 1702 esse
494 1653 634 1722 putemus,
657 1664 712 1703 non
733 1645 795 1704 sine
812 1663 899 1704 eausa
912 1643 1023 1703 Tullius
1040 1641 1111 1702 sub·

181 1759 334 1820 suntivnn
352 1758 406 1819 bne
421 1760 484 1819 loeo
499 1761 632 1821 emisisse
652 1755 781 1834 vitent,
806 1766 888 1840 quuni
912 1759 956 1822 vel
974 1759 1108 1820 acerbius
1150 1743 1151 1748 ἵ

181 1875 311 1956 quiddam
332 1887 411 1937 esset
424 1877 571 1952 dicturus,
596 1898 677 1959 quem
692 1880 765 1960 qnod
777 1879 835 1938 illis
849 1875 994 1938 vocubulis
1017 1877 1111 1956 signi·

182 1993 262 2054 beeri
278 2005 398 2076 posset,
420 1994 485 2068 vel,
510 2005 541 2056 nt
553 1996 619 2056 bnic
641 1999 684 2056 rei
703 1996 884 2076 turpitudinis
901 1985 1040 2074 quendem
1061 2015 1112 2054 ne·

182 2121 239 2173 tam
256 2095 441 2192 imprimeret,
464 2132 525 2172 eam
547 2132 584 2173 ne
600 2115 746 2174 nominare
769 2113 880 2193 quidem
903 2111 998 2172 vellet.
1045 2111 1111 2174 tion

182 2237 276 2287 antem
295 2229 325 2287 in
344 2231 420 2288 omni
433 2249 571 2290 ¹sermone
592 2231 655 2291 lieri
677 2241 792 2311 potest,
814 2241 864 2302 ut,
887 2249 969 2309 quum
993 2231 1112 2308 gravius

183 2343 313 2424 quiddam
337 2364 432 2406 sumus
454 2346 575 2419 dicturi,
607 2357 656 2440 ent
674 2367 757 2428 quum
772 2368 827 2408 non
843 2349 967 2428 suppetit
990 2347 1115 2408 voenbn·

182 2461 259 2533 lum,
283 2481 338 2541 que
352 2464 396 2523 rei
412 2463 555 2544 turpitudo
571 2465 640 2524 satis
658 2465 797 2526 declarari
814 2465 925 2546 pessit,
948 2465 993 2524 rei
1007 2483 1113 2524 nemen

184 2597 301 2658 prorsus
315 2580 495 2654 omittemus,
523 2602 547 2641 sn
539 2582 674 2663 quidem
691 2583 844 2663 idipsum,
866 2582 940 2661 qnod
960 2582 1111 2654 reticetur,

184 2697 266 2777 prule
285 2699 340 2771 sit,
367 2697 453 2760 fenile
479 2700 601 2780 intelligi
624 2711 729 2782 potest.
774 2701 903 2762 Tertium
925 2698 1048 2778 denique
1072 2700 1147 2758 ln-

184 2835 247 2876 eum
270 2784 393 2898 (oret.
383 2838 413 2877 in
428 2807 518 2880 Verr.
543 2819 600 2892 lV,
622 2807 675 2891 25,
699 2817 768 2897 bl.)
793 2816 906 2898 plurimi
929 2813 995 2876 libri
1016 2835 1114 2876 munn-
1146 2759 1147 2870 l

185 2927 284 3014 scripti
309 2936 350 2994 ita
371 2933 523 2995 exhibent:
555 2941 610 3000 Illa
630 2955 698 2997 nere
722 2937 827 3014 operitur
845 2945 909 3005 eet,
936 2935 1014 3014 qued
1039 2944 1112 3006 ete,

184 3067 266 3128 quem
290 3052 457 3132 scripturum
479 3054 588 3116 ueniter
611 3051 738 3114 defendit
756 3051 927 3131 Zumptins,
957 3052 1004 3131 qui
1022 3051 1071 3112 bie
1086 3061 1115 3111 ut
1145 3031 1146 3072 ³

185 3169 290 3260 ceteris
311 3171 340 3228 in
367 3170 439 3230 locis
459 3173 507 3231 rei
526 3153 690 3232 ueeebulum
711 3168 932 3229 subaudiendum
958 3187 1026 3228 esse
1047 3188 1114 3230 een-

185 3282 253 3343 euit.
298 3283 358 3344 Sed
377 3286 431 3348 boe
448 3306 558 3366 qunque
579 3287 642 3346 loeo
663 3305 720 3346 non
734 3296 829 3368 petest
851 3295 906 3348 nnn
923 3286 1048 3366 permira
1069 3287 1115 3345 vi·

185 3398 249 3461 deri
267 3400 385 3462 emissio
399 3404 584 3477 substantivi,
607 3413 690 3485 etque
712 3403 789 3466 bend
803 3406 865 3466 seio
882 3423 919 3466 an
935 3400 1053 3466 verbum
1070 3393 1115 3464 e'rt

1141 3843 1143 3853 r
