2340 3890
157 112 307 177 72·

156 313 193 354 ne
205 325 248 338 ·-
269 291 379 372 quidem
395 291 516 362 inesse,
531 288 638 368 aliquid
650 289 766 360 statuit,
790 285 865 368 quod
882 291 1000 352 naturae
1019 285 1086 346 loci

157 427 274 490 prorsus
297 419 446 486 repugnat.
488 407 554 466 dam
575 407 601 465 si
630 405 778 468 retinenda
799 417 875 466 sont·
889 403 1081 476 haecrerlra,
1156 441 1157 458 t

156 524 230 606 quod
251 545 306 584 non
327 522 441 596 dubito,
464 525 530 602 quin
549 523 614 584 lieri
634 522 757 596 delicat,
788 530 817 582 ct
837 523 862 581 si
885 521 925 580 ita
947 530 1013 579 sunt
1035 540 1084 582 re-
1128 524 1135 531 '

156 640 294 713 tineoda,
321 638 550 720 quemadmodum
578 641 607 698 in
635 640 717 701 libris
753 641 859 719 scripta
886 638 1079 716 reperiuntur,

156 780 212 820 una
232 769 338 818 tantum
354 768 404 818 est
424 757 509 829 ratio,
529 777 585 835 vqua
600 757 694 816 caveri
711 757 819 836 possit,
842 775 879 815 ne
893 753 1016 814 absurda
1039 754 1082 815 ei·

156 878 269 936 liciator
289 876 451 946 senteutia3
480 893 551 953 quae
573 875 646 933 ratio
660 874 697 932 in
711 893 754 936 *eo
775 873 919 943 cernitur,
941 883 972 932 ut
992 872 1082 951 parti-

156 995 228 1053 culis
247 1013 284 1053 ne
306 1029 344 1040 -
367 993 477 1071 porilem
505 990 659 1050 tribuamus
681 987 1082 1067 cantrim,.quan11habent

154 1109 311 1192 particulae
326 1112 410 1169 etrum
431 1128 506 1179 non,
523 1093 629 1186 'quibus
650 1117 743 1166 minen
764 1107 805 1166 ita
825 1105 880 1164 sibi
899 1105 1008 1183 junctis
1020 1103 1079 1164 La·

156 1228 208 1286 tini
235 1245 374 1309 nunquam
401 1227 445 1285 usi
474 1235 549 1285 sunt.
608 1224 671 1284 Illis
703 1235 797 1284 autem
832 1223 978 1302 particulis
1007 1223 1078 1282 hane

155 1345 230 1416 vim,
264 1363 346 1422 quam
378 1343 556 1430 significavi,
592 1343 621 1400 in
648 1340 875 1401 conclusionibus
902 1340 1080 1420 potissimum

156 1460 294 1532 subesse,
309 1461 412 1518 -multis
434 1458 611 1538 comprobari
633 1465 727 1538 potest
747 1459 828 1517 loeis.
873 1457 933 1538 Cir.
952 1435 1019 1517 'cte
1044 1455 1079 1520 de

155 1578 233 1638 unte.
253 1576 304 1635 ru.
322 1576 348 1635 1.
366 1597 392 1635 ο.
409 1554 458 1633 re‘.
479 1574 511 1656 §-
530 1581 582 1632 no.
608 1577 716 1634 utrem
727 1575 916 1654 strattone
936 1579 1014 1635 rann
1032 1594 1080 1634 re

149 1696 291 1772 ponetur.
313 1681 316 1698 ⁴
335 1695 410 1752 Nom
430 1711 520 1772 neque
542 1691 672 1752 ludorum
693 1689 875 1772 perfunctio,
888 1741 892 1750 .
905 1711 995 1771 neque
1011 1712 1079 1772 per-

149 1812 245 1890 peeez'o
266 1809 413 1880 ludorum,
432 1828 488 1887 per
514 1829 545 1868 se
564 1811 627 1888 apsa
646 1811 771 1869 uld'ce'te'
785 1828 837 1868 nec
851 1812 1005 1887 panentu,
1026 1831 1080 1872 nec

122 1953 130 1958 ·
155 1928 329 2000 asselluitos,
359 1947 412 1986 neo
438 1927 572 2004 vegente,
600 1945 653 1986 neo
679 1946 713 1986 ea
739 1927 802 2004 ipso
829 1945 902 2004 quoe
928 1927 1077 2000 locamur,

154 2047 316 2122 undosum,
338 2064 374 2102 nc
386 2041 535 2123 fortitudo
556 2043 685 2121 psallero.-
714 2043 765 2102 sed
784 2045 841 2102 ista
860 2045 1023 2123 sequemur,
1046 2055 1082 2104 ut

155 2173 233 2232 etc,
264 2160 332 2232 ubi,
361 2179 443 2239 quum
465 2170 548 2218 antea
570 2169 666 2238 partes
680 2156 871 2218 'fortitudinis
888 2159 1008 2220 allicere
1024 2179 1078 2220 uos

153 2296 208 2336 non
223 2295 310 2356 posse
323 2278 446 2355 scriptor
459 2274 694 2348 demonstrasset,
719 2297 836 2356 prorsus
858 2275 981 2338 absurda
993 2275 1079 2357 prod·

146 2393 210 2452 'iret
237 2394 395 2464 sententia,
418 2393 443 2451 si
465 2393 527 2470 quis
549 2403 677 2471 putaret,
701 2395 869 2454 sententiam
889 2395 929 2467 ita
948 2393 1078 2454 concludi

153 2529 255 2592 posse:
274 2512 366 2602 'acolt
381 2511 489 2570 emanat
506 2511 552 2569 dre
569 2509 718 2590 finrtitudo
738 2513 820 2572 unilt
838 2531 895 2583 un,-
920 2531 1006 2590 quun
1030 2531 1078 2592 po-

153 2628 210 2687 tius
231 2647 265 2686 ea
285 2627 340 2686 loe'i
363 2628 502 2688 sententia
525 2645 591 2687 esse
611 2625 729 2688 dehent:
759 2632 820 2688 olco
840 2631 913 2688 cuod
930 2631 1015 2690 nocht
1032 2632 1077 2690 dle

122 2781 126 2794 ι
144 2745 306 2825 sordludo,
329 2745 350 2803 i.
367 2762 394 2803 e.
420 2745 445 2802 si
460 2755 555 2824 partes
572 2764 623 2804 nos
638 2744 755 2805 allicere
770 2766 825 2804 noo
838 2757 967 2824 possunt,
990 2749 1075 2806 etiarn

152 2871 241 2922 totum
262 2861 379 2922 allicere
399 2880 451 2920 nos
472 2881 527 2920 non
556 2872 658 2940 potest.
712 2859 770 2922 Sed
791 2881 874 2939 quum
903 2864 1075 2924 novissimus

152 2977 251 3040 luorum
272 2977 407 3040 librorum
428 2977 585 3055 interpres,
618 2979 702 3050 Otto,
725 2978 812 3038 verba
834 2979 900 3038 illae
932 2999 970 3040 ac
981 2981 1075 3060 forti·

153 3099 221 3156 tudo
241 3098 363 3176 quotidem,
385 3113 457 3174 quae
476 3098 590 3154 censori
607 3095 847 3173 Heidelbergensi
865 3107 999 3175 suspecta
1013 3097 1075 3156 lue·
1159 3083 1160 3090 ἵ

152 3221 234 3284 rant,
257 3215 299 3272 ita
319 3211 461 3285 defendit,
487 3221 518 3271 ut
536 3209 661 3284 diceret,
685 3231 748 3272 eum
768 3213 982 3274 asseveratione
1003 3214 1073 3274 haee

152 3327 235 3400 addi,
262 3327 316 3388 lrao
340 3327 452 3407 quidem
483 3329 716 3409 interpretatione
737 3329 812 3392 haud
830 3331 871 3392 ita
895 3331 1012 3392 multum
1031 3331 1072 3390 lu·
