2340 3890
951 241 1054 312 53'

64 437 164 502 reret,
185 429 327 510 primum,
349 439 382 488 ut
404 437 501 490 essent
521 430 698 500 animantes,
721 425 823 488 deinde
843 438 875 488 nt
895 441 994 492 essent

64 549 274 626 rittelb‘gentes,
296 565 433 626 quumque
449 545 520 606 haee
540 547 569 605 in
590 545 712 617 nullam,
744 546 801 604 nisi
820 547 850 605 in
869 547 992 610 hominis

62 663 189 744 figuram
216 659 319 724 cadero
341 681 427 743 posse
453 663 647 723 existimarem
686 662 824 734 miratur,
855 663 993 743 quomodo

64 779 163 842 Stoici
189 777 320 839 mundum
343 779 513 840 animantem
540 779 750 860 sapientemque
771 777 868 840 dicere
894 791 994 868 potue·

65 896 139 956 rint.
182 895 246 957 Jam
269 907 386 976 propter
406 898 559 957 ortamentis
573 895 738 957 vocobulum
760 915 828 956 usus
855 908 900 957 est
919 895 995 958 haud

64 1010 196 1073 dublein
213 1013 270 1086 iis,
293 1011 394 1092 quibus
410 1012 517 1073 refellit
529 1012 689 1074 Stoicorum
704 1015 884 1086 sententiam,
907 1017 997 1076 antini

63 1129 221 1202 vocabulo,
245 1140 275 1190 et
294 1113 392 1188 deleuit
407 1148 442 1188 eo
462 1129 521 1201 uti3
543 1149 627 1209 quum
647 1149 718 1189 vcro
737 1127 767 1187 id
781 1150 836 1188 non
859 1132 929 1190 satis
948 1150 994 1192 es·

64 1256 113 1305 set
133 1243 170 1306 ad
191 1265 254 1305 eam
274 1264 335 1306 rem
354 1244 581 1325 significandam,
602 1265 674 1325 quae
696 1245 826 1325 inprimis
848 1258 910 1306 crat
930 1267 994 1328 spe·

67 1359 189 1434 clauda,
212 1363 233 1421 i.
251 1380 279 1422 e.
301 1371 333 1420 ut
356 1363 466 1422 animus
484 1362 534 1422 ille
549 1363 634 1423 etlam
650 1363 837 1440 zoeelt'gmcu
856 1363 895 1421 sit
912 1383 995 1442 prae-

66 1475 143 1538 ditus
151 1521 162 1551 ,
193 1477 360 1538 necessario
388 1477 444 1540 hoo
469 1489 532 1540 erat
554 1475 759 1558 adjiciendum
788 1475 861 1556 quod
883 1476 996 1557 quidem

65 1595 181 1656 lucilius
202 1606 233 1656 ct
259 1594 375 1656 brevius
403 1594 467 1656 lieri
487 1580 543 1655 non
569 1596 679 1676 potuit,2
709 1596 838 1676 quamsi
864 1605 994 1675 putamus

65 1709 239 1774 Ciceronem
260 1712 433 1790 scripsisse.
455 1715 542 1774 metm
539 1695 669 1774 reaturo
692 1714 885 1792 tittclligeatis.
916 1713 994 1774 Tau·

65 1840 127 1888 tum
147 1829 235 1934 igitur
255 1828 358 1900 abest,
379 1839 411 1888 ut
426 1828 574 1888 molestum
596 1829 636 1887 sit
654 1828 819 1888 vocabulum
836 1831 994 1908 mmlh'gea·

67 1947 124 2020 tis,
148 1907 224 2024 quoll
239 1931 401 2006 Goerenzio
422 1955 452 2006 et
469 1943 581 2005 Orellio
601 1945 692 2006 visum
712 1954 776 2016 est,
799 1953 831 2003 ut
845 1943 929 2024 plane
944 1965 994 2005 ne·

65 2062 226 2124 cessarium
247 2058 278 2121 id
302 2079 368 2124 esse
388 2072 504 2142 putem,
534 2060 664 2142 quoniam
687 2061 773 2121 animi
801 2039 916 2120 nolione
937 2081 994 2122 nou

66 2313 157 2368 esse,
187 2305 220 2354 ut
242 2295 526 2370 sunt‚un1maha,
539 2316 611 2377 quae
636 2306 752 2358 careant
771 2297 883 2358 ratione
910 2308 994 2376 atque

67 2411 268 2492 intelligentia.
312 2410 385 2472 Rem
406 2414 447 2474 ita
467 2433 500 2475 se
533 2411 639 2475 hahere
659 2413 850 2493 compluribus
877 2411 993 2474 ‹lemon-

67 2530 155 2590 streri
177 2539 273 2609 potest
291 2528 382 2603 locis,
405 2530 453 2591 ubi
473 2531 504 2592 in
524 2527 620 2598 divina
641 2540 742 2590 natura
762 2531 918 2610 requiritur
936 2550 993 2591 non

68 2645 160 2708 solum
180 2657 211 2706 nt
232 2665 267 2706 ea
288 2647 492 2721 sitammam,
524 2646 576 2708 sed
596 2648 680 2708 etiam
698 2657 731 2706 ut
750 2649 790 2708 sit
811 2649 971 2725 iutelligeres
978 2668 992 2718 ‚·

67 2759 143 2824 unde
163 2781 197 2822 ea
217 2763 247 2822 in
269 2759 363 2824 Aeni.
390 2762 411 2824 l.
423 2762 465 2824 11.
491 2783 518 2824 e.
534 2769 586 2824 57.
610 2773 684 2824 extr.
709 2764 866 2844 appellatur
883 2763 993 2822 ιιιιὶιιιιι-

69 2881 106 2940 lis
125 2879 337 2958 mtelh'gentio..
359 2877 407 2940 Ex
427 2877 473 2940 hie
494 2890 586 2941 autem
608 2880 690 2942 libris
713 2881 833 2942 maxime
852 2877 908 2938 huo
927 2897 993 2960 per-

27 3029 29 3038 ,
69 2995 161 3054 tinent
179 2995 234 3056 loci
256 2995 403 3068 nonnulli,
433 2987 481 3076 qui
507 2997 536 3056 in
558 2995 631 3056 libro
654 2995 778 3058 secundo
799 2996 991 3075 reperiuntur,

70 3109 158 3172 veluti
178 3129 205 3172 c.
223 3115 272 3172 lt.
297 3110 329 3195 ξ.
346 3117 412 3188 52„
433 3112 482 3176 ubi
506 3111 577 3174 dicit
597 3113 732 3176 Stoicus:
755 3114 804 3174 Ec
824 3131 879 3192 quo
902 3111 992 3193 efflei·

72 3237 137 3302 tar,
166 3229 335 3292 animuum
360 3251 423 3292 eece
441 3231 584 3292 mandam.
627 3234 723 3309 Atque
743 3249 781 3289 ea·
801 3229 856 3290 leco
883 3250 993 3312 qaoque

73 3347 196 3425 intelligi
212 3347 342 3426 poterit,
375 3348 405 3408 ιἰι
432 3367 465 3408 eo
489 3350 580 3410 messe
607 3347 831 3424 tirtelligeatiam.
882 3367 909 3408 e.
937 3352 988 3406 te.

74 3458 105 3543 ἕ.
125 3465 173 3524 ott.
206 3463 345 3552 Quttl-eat
364 3473 457 3524 nutem
480 3463 626 3536 mazeus,
656 3481 739 3543 quom
761 3483 823 3526 eam
842 3473 989 3531 ammam,
