2340 3890
144 199 185 254 Vl

144 357 257 422 etiamsi
271 355 386 440 singula
398 377 608 439 nonnunquam
627 366 709 420 reete
721 356 951 443 explicarentur,
967 367 1063 420 tomen

144 494 229 557 soepe
250 471 351 550 etiem,
372 494 447 558 quoe
466 483 528 536 toto
549 493 657 557 genere
673 475 821 551 differunt,
843 475 923 540 inter
941 496 973 539 se
988 497 1065 538 eom·
1149 529 1150 560 ³

143 572 349 654 miscerentur.
393 591 494 674 ltaque
517 611 578 654 non
599 590 704 655 inutile
726 613 793 662 esse
811 592 883 656 mihi
899 592 1063 675 videbatur,

146 707 222 772 hono
241 729 305 771 rem
327 706 468 792 singulari
489 689 852 791 qnadem'seriptione'itn
873 719 1012 786 tractore,
1032 718 1066 786 ut

146 824 210 910 ipsa
238 821 370 916 locorum
397 845 507 908 genera
539 823 748 908 distinguerem
778 834 864 906 etque
892 826 1065 908 digererem,

147 951 190 1018 et,
212 960 268 1024 qno
283 923 406 1023 qnidqne
419 937 706 1016 referendnm'esset,
728 941 969 1004 demonstrarem.
1006 939 1067 1020 Quo

149 1057 263 1142 quidem
291 1055 323 1119 in
343 1035 377 1120 re
405 1055 469 1120 fieri
495 1056 581 1120 aliter
606 1078 666 1122 non
694 1058 803 1143 potuit,
831 1055 901 1142 quin
929 1057 1069 1120 nonnullo

150 1194 422 1260 commemorarem,
444 1195 518 1257 quoe
531 1145 628 1258 tquum
649 1175 721 1239 satis
743 1187 844 1240 essent
865 1174 948 1251 trito,
962 1161 1068 1238 'tomen

150 1311 188 1354 ne
211 1291 278 1375 qnid
301 1291 540 1376 praetermissum
564 1313 631 1356 esse
654 1292 821 1368 videretur,
851 1290 927 1387 puod
955 1291 1069 1375 quidem

151 1409 187 1471 'od
214 1429 278 1472 rem
299 1405 475 1493 pertineret,
505 1405 673 1469 necessario
700 1409 952 1470 commemorando
972 1419 1066 1470 erant.

152 1521 183 1586 Si
206 1525 253 1586 eni
273 1524 304 1586 in
323 1522 446 1606 singulis
463 1538 522 1585 non
537 1543 572 1585 eo
589 1522 687 1595 modo,
710 1541 767 1603 qno
784 1533 911 1605 penest,
932 1533 1069 1586 versatus

152 1659 219 1702 esse
240 1638 361 1712 videor,
390 1637 485 1714 seito,
515 1659 563 1701 me
585 1639 697 1722 justam
724 1623 982 1722 reprehensionem
1009 1662 1080 1704 nonx

151 1756 239 1838 aegre
252 1753 380 1817 loturum
394 1775 478 1830 esse3
500 1756 670 1840 praesertim
695 1776 782 1839 qnum
805 1754 916 1832 seiam,
938 1756 970 1819 in
991 1758 1072 1841 ejus·

151 1871 229 1935 modi
246 1872 334 1934 rebus
356 1871 441 1935 focile
463 1873 605 1956 reperiri,
626 1873 675 1955 qui
695 1870 888 1949 dissentient3
910 1884 939 1936 et
955 1873 981 1936 si
995 1862 1070 1940 elios

83 2049 88 2058 ,
151 2009 363 2072 nonnunquam
385 1987 580 2072 reprehendi,
609 1986 699 2050 nolim
722 1986 777 2048 hoo
795 1986 837 2049 ita
856 2007 873 2050 a
895 2010 941 2051 me
962 1991 1069 2055 foetum

154 2105 339 2183 existimari,
362 2125 396 2169 ae
410 2104 437 2168 si
451 2125 487 2168 ea
501 2112 631 2180 tontum,
656 2121 729 2186 quae
743 2122 762 2165 e
774 2122 822 2166 me
835 2104 982 2190 proposito
997 2107 1070 2188 sint,

154 2241 226 2287 vere
244 2239 312 2284 esse
332 2239 480 2284 censeam.

340 2333 450 2419 Seripsi
473 2334 629 2422 Fribergoe

149 2397 199 2518 die
218 2449 286 2518 XV.
307 2471 402 2517 mens.
427 2449 535 2540 Aprilis
559 2449 822 2520 MDCCCXXXV.
896 2443 902 2454 ’
