2340 3890
144 155 168 221 8

147 337 205 398 uisi
221 353 298 416 ,quae
317 334 394 396 inest
414 331 444 390 in
465 329 553 393 verbo
570 330 660 414 finito,
684 349 769 412 aquo
789 327 893 418 pendet
913 340 972 392 tota
987 349 1090 392 enun-

148 452 242 512 tiatio.
285 447 355 512 vid.
386 447 566 528 Rrueger.
558 469 588 530 ¹¹¹.
608 419 739 523 Quaest.
772 459 919 528 grammat.
949 449 1026 536 fasc.
1054 449 1088 510 1.

149 589 179 652 p.
196 572 237 626 25
254 587 298 648 sq.
327 577 357 628 et
381 588 409 647 p.
425 571 475 644 55).
511 563 662 626 Etzier.
654 585 683 624 ιιι
696 565 783 632 ΙίΙιιο
811 566 859 646 qui
886 564 1090 629 inscribitur·

148 684 486 793 Sprocberorterungeu,
508 681 591 748 Vll.
588 703 633 762 p.
651 686 767 768 8tsqq.

211 801 276 862 Jam
298 820 365 862 vero
394 801 458 880 ipso
477 799 533 865 rei
549 809 650 859 natura
677 800 762 859 facile
790 799 832 858 ita
852 798 934 873 tulit,
965 807 998 858 ut
1018 810 1090 861 tum

153 1035 272 1096 aliorum
298 1032 497 1096 referebantur
526 1033 699 1096 sententiae
689 1076 705 1107 ,
730 1033 881 1118 inquibus
910 1053 1090 1096 commemo·-

143 1149 250 1220 randis
272 1171 436 1232 quamquam
452 1151 612 1230 scriptores
627 1151 673 1209 usi
696 1160 782 1220 erant
796 1150 1008 1230 praesentibus,
1031 1169 1091 1212 ve-

147 1267 207 1349 inti
227 1271 314 1342 difien
344 1270 457 1340 dicunt,
482 1269 570 1328 docet
583 1277 612 1327 et
634 1267 792 1339 similibus,
816 1278 908 1328 tamen
931 1267 974 1328 vis
996 1286 1090 1348 proe-

154 1386 255 1462 teriti,
283 1406 366 1468 quam
394 1386 424 1444 in
444 1371 488 1443 bis
518 1383 749 1465 praesentibus
741 1403 838 1445 messe
865 1395 993 1468 apertum
1020 1395 1086 1460 est,

145 1503 290 1578 effecit,
300 1513 332 1562 ut
350 1502 381 1562 in
403 1499 573 1571 enuntiatis,
603 1518 676 1588 quae
698 1519 735 1560 ex
763 1498 902 1580 ejusmodi
928 1511 1088 1582 praesente

145 920 274 988 ,maxime
300 917 475 1000 praesentia
492 936 544 998 pro
574 917 737 1002 praeteritis
766 926 956 1009 ponerentur,
992 936 1090 998 quum

148 1629 221 1698 apta
238 1627 352 1690 essent,
374 1615 541 1694 imperfecta
559 1627 743 1697 ponerentur.
788 1615 851 1679 etr.
875 1615 945 1678 Cic.
961 1616 997 1680 de
1018 1629 1086 1680 nat.

156 1731 237 1794 deor.
256 1733 292 1806 1,
318 1737 369 1804 te,
385 1737 437 1792 te.
466 1733 599 1814 Idemque
623 1730 832 1818 (Chrysippus)
856 1736 1003 1816 dr'rputot,
1032 1756 1088 1796 uc·

148 1851 239 1930 ,lbera
256 1871 318 1912 eme
336 1871 417 1924 cum,
439 1869 519 1930 quem
541 1853 668 1925 domninus
686 1856 781 1930 docem
801 1855 996 1940 appellarent,
1015 1837 1089 1942 'quof-

147 1987 211 2053 puc
230 1973 283 2029 oi'r
297 1987 355 2050 per
370 1969 464 2030 morio
485 1980 628 2040 manaret,
652 1989 713 2028 cum
740 1987 801 2026 esse
821 1971 998 2046 Neptunum,
1022 1979 1088 2028 ter-

150 2105 274 2176 ramque
293 2107 355 2148 eom
374 2106 454 2156 csse,
481 2102 553 2164 quae
577 2076 954 2150 Cercsdrcerctur.1bid.
980 2098 1007 2140 ιι.
1024 2084 1081 2146 22.

146 2199 189 2286 5.
206 2206 257 2259 ot.
279 2203 440 2279 Epicurus
447 2217 513 2257 vero
537 2207 603 2294 tuus
623 2196 693 2277 quid
710 2196 799 2266 deret,
827 2197 903 2276 quod
920 2215 977 2258 nou
997 2199 1084 2262 modo

148 2316 331 2398 philosophia
352 2314 467 2392 drssgnum
490 2321 583 2384 osset,
610 2312 663 2375 scd
679 2312 819 2372 mediocre
837 2315 1083 2391 prudentio&

153 2430 203 2495 ubi
224 2429 379 2490 Lambinus
399 2415 478 2490 uruit
495 2449 546 2509 pro
567 2429 678 2502 debet,
682 2411 840 2490 Gulielmus
865 2441 958 2490 autem
980 2433 1084 2495 didicit

154 2547 213 2630 legi
234 2546 332 2607 voluit.
384 2545 538 2608 Ernestius
568 2565 630 2606 cum
650 2543 771 2634 Davisio
794 2566 831 2608 ex
859 2546 957 2610 codice
978 2549 1079 2611 Ursini

154 2666 193 2728 eit
213 2684 264 2745 pro
292 2675 368 2726 esset
393 2664 520 2744 scripsit.
575 2661 715 2732 Defendit
743 2662 856 2744 quidem
883 2665 958 2726 hunc
986 2665 1076 2728 locum

150 2781 353 2864 ¹Wopkensius
377 2781 406 2840 in
427 2767 522 2843 Lectt.
547 2782 624 2844 Tuli.
647 2802 676 2864 p.
694 2786 754 2840 tte
769 2802 812 2864 sq.
830 2779 876 2842 ed.
891 2780 1002 2857 Hand,
1024 2781 1077 2845 sed
1146 2825 1147 2858 ι

156 2918 213 2960 non
242 2895 429 2982 comparanda
450 2900 533 2960 inter
552 2919 585 2960 se
606 2899 799 2979 comparavit,
829 2897 988 2980 dequibus
1009 2905 1075 2962 nori·

150 3015 233 3094 ,nulia
262 3017 338 3078 infra
364 3036 416 3076 sno
438 3013 566 3098 quodque
593 3015 657 3077 ioco
677 3015 970 3108 commemorabimus.
1014 3017 1071 3080 ctu,
1146 3037 1147 3042 ’

150 3131 258 3210 fragm.
283 3144 357 3194 orat.
379 3111 431 3217 pro
450 3132 495 3195 M.
520 3131 605 3212 Acm.
630 3132 739 3194 Scauro
760 3153 786 3194 c.
802 3133 844 3194 11.
869 3132 902 3219 5.
921 3139 951 3196 3.
975 3136 1004 3196 ιἰι
1021 3155 1074 3216 pue

150 3247 244 3334 ¹(libro
258 3245 402 3330 Platonis)
422 3253 557 3314 Socrates
577 3251 628 3312 r'llo
648 3251 709 3329 r'pso
732 3251 778 3311 dr'e
787 3294 799 3324 ,
825 3271 880 3332 pue
900 3254 1073 3314 cz'erutmo·

155 3365 307 3440 rabodum,
323 3369 469 3448 permulto
491 3371 635 3454 deputat,
657 3369 732 3430 hamc
751 3389 812 3432 cmc
834 3379 980 3444 nortem,
994 3387 1072 3450 quam
