2340 3890
158 163 204 232 18

84 400 91 416 ,
158 367 186 408 o.
196 347 247 404 nt.
263 340 295 424 §
308 345 375 414 58„
393 340 443 402 nbi
456 340 617 406 Stoioonom
630 339 794 400 retenuoton
808 340 980 414 sententiae,
998 357 1086 420 quom

157 459 302 542 praesenti
323 459 424 520 dieunt
450 459 479 518 in
499 457 652 518 enuntiatis
674 442 740 517 inde
762 457 836 537 aptis
859 458 979 537 primum
1000 477 1087 537 poos-

159 577 330 638 ssntiesint
353 575 502 654 adjuncta,
532 585 626 636 tamen
647 573 926 656 §.insequuntur
948 574 1090 654 impetie-

159 705 224 768 otn,
256 705 285 754 et
304 693 375 754 haee
396 704 495 754 rursus
516 712 533 752 n
555 691 751 772 psaesentibns
779 667 977 772 excipiuntur:
1010 691 1091 770 quoti

159 812 200 872 itn
221 811 285 871 fieri
308 809 446 883 videmus,
468 821 499 870 nt
518 811 692 890 prinianas
708 807 817 880 minus,
835 828 921 888 xquntn
944 827 1017 888 quae
1032 811 1092 869 im·

112 933 118 941 “
160 929 286 1010 perfecto
306 928 448 988 ιιιιιιιιίιιῑιι
466 901 554 999 sont,
569 977 571 980 .
584 925 621 986 etl
643 927 756 988 Stoicos
778 925 930 986 referenda
951 945 1019 986 esse
1040 927 1091 986 in-

160 1045 316 1123 telligatur.
360 1045 459 1124 ltaque
480 1063 571 1124 neque
592 1041 629 1103 ds
649 1063 683 1104 eo
698 1043 879 1116 disonimine,
902 1042 976 1124 qnod
990 1043 1100 1123 wag--

161 1161 370 1235 neroofiuit,
390 1151 548 1242 pontimqne
569 1161 701 1242 probavit
718 1141 905 1240 linuegenos,
935 1160 1025 1240 neque
1044 1159 1094 1224 ,de

162 1297 216 1352 eo,
240 1277 315 1359 qnod
339 1277 506 1360 ttouegorus
533 1281 597 1359 ipso
619 1277 714 1371 aton?
744 1279 941 1358 praesentibus
962 1277 1093 1359 plenum·

163 1415 218 1478 qus
248 1416 284 1458 en
309 1399 449 1486 contineri
456 1441 472 1474 2
496 1416 568 1476 quae
595 1387 632 1455 att
658 1416 755 1456 omnes
783 1395 912 1456 homines
936 1405 966 1455 et
992 1398 1096 1456 omnia

163 1512 291 1594 tempore
304 1525 443 1593 spectent,
465 1510 644 1590 cogitandum
661 1525 727 1572 es'se
741 1529 855 1572 censeo.
885 1513 960 1572 Nam
974 1514 1096 1574 etiamsi

163 1629 218 1689 hoo
236 1630 300 1689 fieri
320 1639 432 1707 potest,
455 1627 495 1686 nti
508 1627 550 1686 illi
569 1628 681 1701 volunt,
702 1640 731 1689 et
750 1649 946 1708 nonnunquam
967 1649 1097 1692 neeesse

165 1755 210 1806 est
231 1742 261 1804 id
280 1744 361 1816 fieri,
391 1745 416 1804 si
439 1740 550 1824 quidem
572 1744 696 1808 absurda
717 1757 797 1806 osset
815 1746 877 1825 ejus
899 1749 1009 1820 oratio,
1040 1752 1099 1825 qui

140 1919 143 1932 ,
165 1879 237 1940 pune
257 1863 422 1942 praesentia
440 1873 522 1936 suot,
543 1874 593 1924 nut
613 1885 687 1926 nuno
703 1865 820 1946 primum
835 1866 866 1924 in
888 1864 1099 1943 cogitationem

164 1980 331 2052 incurrunt,
363 1980 450 2042 vellet
476 2000 528 2060 per
555 1981 722 2060 imperfecto
749 1977 896 2040 enuntiare
909 1980 960 2055 i*),
994 1992 1101 2044 tomen

166 2097 287 2159 ottonum
307 2095 373 2158 inde
394 2098 459 2175 cogi
479 2118 534 2156 non
553 2107 666 2174 potest,
689 2105 720 2153 ot
741 2111 812 2172 qnae
828 2096 1100 2172 proesento'eonn.

166 2213 297 2284 tientun,'
325 2231 359 2272 en
380 2212 537 2271 communio
561 2211 642 2291 quasi
668 2211 789 2271 omnium
810 2219 967 2288 temporum
987 2221 1018 2271 et
1038 2211 1100 2274 ho-

166 2328 271 2390 minum
299 2305 456 2386 habeantne
488 2345 543 2387 neo
571 2328 682 2407 possint
714 2324 814 2387 eadem
841 2325 879 2387 nd
903 2331 1097 2408 posonen-itum

166 2461 274 2523 quoqne
299 2454 408 2536 tempus
430 2444 544 2504 referri.
595 2442 815 2506 Concedentlom
842 2455 935 2506 tomen
956 2457 1018 2522 est,
1048 2449 1098 2509 ‹ti-

165 2579 278 2623 vensam
298 2579 365 2620 esse
390 2562 537 2641 utriusque
563 2564 607 2622 nei
628 2565 776 2624 ontionem.
819 2563 895 2624 Nem
922 2567 1097 2644 potestati-

136 2671 139 2678 ’
168 2677 235 2757 quid
248 2679 289 2739 itn
309 2677 344 2739 ad
358 2680 543 2762 praeteritum
556 2680 672 2756 reiensi,
695 2691 726 2741 nt
747 2681 881 2762 hon‘ipse
901 2680 982 2742 verbi
999 2683 1097 2744 forma

441 2879 455 2908 ἱ

233 2976 265 3046 *)
284 2976 408 3034 consoni
423 2987 549 3050 possunt,
566 2999 634 3051 quae
647 2973 726 3036 simili
744 2981 859 3050 quadani
874 2980 903 3034 in
918 2995 949 3032 re
966 2979 1095 3034 disseruit

167 3057 335 3116 Hermennns
361 3065 394 3118 nd
418 3063 508 3132 Vigor.
535 3084 561 3136 p.
581 3068 640 3122 931,
667 3067 714 3119 ed.
726 3067 772 3118 111.
797 3066 851 3131 „in
874 3065 1093 3132 omnitempore

167 3147 314 3210 proesentis
329 3150 550 3204 constructionem
560 3150 679 3204 adhiberi
691 3149 764 3214 tioot,
781 3147 905 3217 qnoniam
920 3147 1000 3200 stiam
1011 3163 1093 3215 prae-

168 3226 247 3280 terita
265 3231 420 3296 saepissimo
436 3239 466 3288 ut
489 3236 640 3304 praesentio
662 3232 765 3290 namsi
786 3234 880 3284 solent.
921 3231 983 3284 Non
1001 3235 1093 3284 nutem

168 3310 328 3364 contrariom
343 3314 403 3369 fiori
421 3323 523 3387 potest,
539 3319 593 3371 nt
585 3335 614 3371 nn
630 3333 660 3372 rs
676 3316 809 3388 praesenti
830 3315 991 3371 oonstmotio
1011 3329 1094 3384 prns-

167 3394 304 3450 tesitornm
321 3400 430 3466 propris
448 3403 609 3458 ιιιίιιιίιιιιιιι.
617 3405 635 3436 “
