2340 3890
153 167 197 235 58

154 359 235 412 etune
270 369 326 409 non
355 346 500 430 displicuit
528 345 715 411 Heindortio:
760 346 962 410 iiindenveten.
994 365 1083 412 unum

53 499 54 508 ι
153 468 237 550 piene
268 465 436 540 delendum,
464 476 512 526 out
540 477 618 526 cente
647 465 702 532 hoc
730 465 812 528 modo
841 464 1084 546 transponendum

1155 147 1158 200 i

1029 229 1035 236 ·
1152 216 1155 268 i

135 604 222 646 ›esse
243 585 373 644 censuit=
396 587 494 664 Neque
513 603 580 646 vero
596 586 693 646 lecerit
713 595 742 646 te
761 586 900 656 convenit,
922 601 1008 644 unum
1022 603 1085 644 mo·
1153 618 1156 629 ·

154 705 236 766 n'bus
252 705 412 764 domeootts
425 737 467 750 -
482 735 525 748 -
539 704 675 772 ltinatem,
699 703 721 760 i.
738 719 765 762 e.
788 719 858 781 ponc
873 701 978 760 octenis
1000 699 1083 760 iino-

154 833 225 881 tnm.
269 821 362 894 Quum
384 819 472 897 igitur
487 829 638 898 appareat,
661 816 714 878 hos
729 819 818 890 vinos,
840 837 910 896 quos
924 817 1082 889 nominavi,

156 937 355 1010 existimasse,
377 955 439 996 enno
460 935 648 1007 sententiam,
676 955 758 1014 qnam
779 933 946 1007 voluerunt,
976 951 1014 994 ex
1035 933 1083 994 his

154 1052 251 1115 vcnbis
274 1053 336 1112 enni
358 1073 411 1113 non
432 1071 538 1132 posse,
568 1053 625 1112 nisi
649 1051 714 1131 quii
744 1060 885 1125 mutetur,
916 1051 1017 1112 minum
1037 1050 1083 1112 vi·

155 1167 256 1229 neotus·
275 1187 396 1230 neccsse
417 1180 479 1244 est,
502 1170 634 1230 extitisse
650 1169 811 1244 nonnullos,
835 1171 895 1250 qui,
916 1185 1082 1248 quemqnam

155 1284 274 1346 condem
297 1284 465 1348 sententiam
491 1288 689 1374 nequinenent,
719 1297 810 1351 tomen
832 1287 908 1346 nulio
932 1285 1083 1347 verboru·

155 1406 310 1464 motatione
330 1423 401 1484 opus
425 1421 492 1464 esse
518 1415 687 1476 censerent3
716 1404 804 1464 veluti
824 1402 1081 1484 wyttenbachius,

156 1519 285 1582 Oneiiios
312 1519 504 1581 conantius.
549 1518 589 1580 Et
612 1520 662 1580 iiio
682 1518 794 1600 quidem
816 1517 927 1594 docuit,
957 1522 1085 1600 portien·

156 1637 212 1698 ient
232 1651 285 1697 nec
306 1635 360 1696 hoe
382 1636 445 1696 ioco
460 1635 652 1717 accipiendam
674 1655 740 1709 osso
761 1657 814 1721 pco
836 1647 866 1698 et
883 1657 958 1710 non,
981 1637 1084 1698 verito-

157 1771 274 1834 ιιι-ιιι
296 1755 538 1815 constructionem
568 1756 610 1814 ita
630 1772 698 1815 esse
724 1753 923 1816 ordinandam
956 1765 986 1814 ct
1013 1773 1084 1816 veno

157 1869 212 1931 hoc
229 1872 259 1931 in
273 1881 303 1931 te
317 1888 401 1932 unum
417 1891 473 1932 non
489 1873 633 1946 convenit,
656 1873 677 1932 i.
696 1891 723 1932 e.
746 1871 800 1933 hoc
815 1873 913 1934 vitium
933 1873 963 1932 in
980 1883 1009 1933 te
1027 1889 1084 1934 noo

155 1959 363 2070 Epicureomn
384 2006 440 2050 non
461 1969 548 2051 tonet
560 1988 663 2050 locom.
707 1987 843 2050 Sed'non
859 1989 950 2068 mogis
971 1988 1026 2052 hoc
1043 1990 1086 2052 lo-

158 2107 217 2168 tino
232 2105 288 2166 dici
310 2125 397 2187 posse
410 2095 563 2179 existimo,
589 2125 670 2186 quom
684 2086 771 2178 titud,
795 2104 869 2186 quod
882 2106 1010 2168 voiuonot
1023 2105 1086 2170 Do·

79 2216 86 2230 ’
158 2223 268 2298 visino,
298 2241 381 2302 quum
409 2223 431 2281 ii
452 2221 527 2295 ioci,
560 2223 608 2282 nbi
629 2243 682 2284 occ
709 2242 762 2303 pro
789 2234 820 2284 ct
835 2243 892 2286 noo
919 2233 1085 2304 nsnnpntnn

158 2357 226 2401 esse
254 2337 386 2413 videtne,
417 2338 490 2398 olins
510 2339 595 2419 plone
625 2341 683 2400 sint
704 2342 833 2420 generis.
875 2339 1015 2402 Probnvit
1043 2351 1087 2402 tn-

159 2455 326 2518 monnone
354 2457 491 2516 nationem
517 2457 666 2518 Mosenus.
719 2451 859 2520 On‘eiiins⁴
877 2469 970 2518 eutem
1000 2469 1087 2540 atquo

159 2573 290 2637 Honiins
311 2581 395 2654 quum
409 2571 493 2654 jungi
508 2574 605 2638 voinnt
625 2575 731 2639 venisse
754 2596 840 2637 onum
855 2578 992 2649 bicatum,
1013 2576 1035 2637 i.
1055 2595 1084 2639 e.

159 2693 311 2775 pmeoipoe
332 2691 479 2763 linctum,
501 2691 569 2754 item
591 2691 815 2776 reprehendendi
838 2703 920 2766 sunt,
942 2703 975 2753 nt
995 2693 1088 2776 Wyt·

148 2789 338 2882 xteninteitins.
388 2799 513 2871 Prorsus
541 2812 616 2872 cnitn
646 2811 699 2872 hoc
725 2821 865 2891 repugnet
894 2809 1011 2890 lingone
1038 2831 1089 2872 rn-

160 2928 252 3001 tioni,
274 2937 316 3001 nt,
341 2946 413 3008 quae
430 2928 496 3009 ¹ipso
509 2927 564 2988 ioci
585 2939 683 2988 notnno
699 2926 800 2988 docent
818 2924 993 3006 sejungant:
1005 2945 1085 3002 csse,

162 3055 192 3105 et
211 3063 284 3125 qtnoc
306 3061 407 3106 noveno
429 3045 557 3123 sejuncto
576 3046 652 3118 sint,
680 3064 716 3106 on
735 3045 909 3124 cogitatione
930 3044 1088 3126 conjungo·

162 3179 234 3221 ntus.
279 3161 397 3240 itaque,
428 3159 587 3240 siqnidem
614 3162 690 3221 inest
717 3161 788 3223 hsce
814 3161 955 3224 eontentio
981 3161 1012 3222 in
1040 3162 1087 3224 itis

91 3289 95 3298 '
161 3275 276 3352 verbis,
312 3297 395 3360 quon
414 3277 457 3336 iiii
484 3277 648 3352 voluerunt,
678 3291 746 3361 poto
767 3279 852 3342 etionn
872 3281 913 3340 ito
937 3298 972 3342 eo
999 3279 1090 3340 coilo·

163 3394 253 3462 conio
268 3413 347 3470 osse,
369 3392 599 3478 quenadmodum
615 3395 652 3460 nb
667 3398 726 3462 iilis
740 3397 985 3486 interpretotionis
999 3415 1090 3460 conss
