2340 3890
881 173 893 212 ³
975 197 1020 262 no

86 375 249 451 indicetur3
272 375 347 458 quud
368 376 416 438 ubi
439 377 488 448 fit,
510 375 679 457 imperfecta
702 361 831 457 ponendo
852 387 938 454 sunt3
953 405 955 410 ·
969 393 1018 443 aut

84 515 145 555 nou
164 481 309 556 indicetur
328 494 410 555 verbi
437 496 546 568 torma,
576 506 693 574 tumque
718 507 858 574 ponuntur
878 516 1016 577 praeseu-

82 613 140 673 tia.
187 613 220 673 Si
242 613 332 691 igitur
350 611 386 674 ui
406 613 588 693 remipsarn,
610 623 703 672 utrum
723 614 887 692 praesentia
907 636 942 675 uu
963 617 1017 676 irn-

81 730 217 811 periecta
234 731 377 810 praesenti
408 729 619 810 adjungantur,
648 729 720 790 nibil
739 731 884 791 interesse
911 733 1017 792 inteili-

87 847 178 925 gitur,
203 849 300 927 quaeri
319 859 414 909 tumen
435 859 541 930 potest,
565 849 612 928 qui
633 849 738 908 facturn
761 851 814 922 sit,
837 859 870 908 ut
889 858 1016 928 tempora

84 965 223 1024 enuntiati
254 965 416 1026 secundarii
437 965 494 1026 hoc
512 963 597 1026 modo
621 985 638 1026 a
659 967 846 1045 scriptoribus
874 977 1016 1026 mutaren-

82 1093 142 1141 tur.
187 1081 279 1160 Cujus
301 1084 344 1142 rei
366 1103 454 1142 causa
474 1103 530 1142 nou
555 1085 613 1142 alte
629 1081 742 1143 ridetur
759 1082 913 1164 repetenda
934 1103 1012 1144 esse.

81 1199 181 1274 Quum
202 1200 279 1257 enim
300 1193 520 1278 duplicem'vim
542 1199 705 1278 praesentis
732 1201 762 1258 in
782 1198 920 1278 ejusmodi
941 1200 1014 1260 locis

82 1333 154 1374 esse
175 1324 304 1402 apertum
325 1317 380 1384 sit,
415 1326 497 1395 atque
517 1317 581 1396 ipsa
602 1317 693 1376 forma
714 1317 794 1377 verbi
816 1319 960 1396 requirat,
983 1329 1015 1377 ut

70 1432 251 1512 ,praesentia
276 1433 423 1512 praesenti
452 1431 662 1513 adjungantur,
698 1444 792 1492 tamen
823 1451 906 1512 quum
932 1453 1015 1512 prae·

81 1549 201 1610 teritum
231 1560 359 1630 tempus,
391 1545 538 1630 cujusvis
560 1552 590 1611 in
612 1549 911 1632 praesentatorem,
942 1551 1014 1610 suri·

80 1677 195 1748 ptorum
219 1669 306 1728 menti
336 1669 421 1728 simu}
451 1669 672 1744 obversaretur,
708 1669 795 1730 tacite
815 1667 880 1730 fie‘ri
908 1667 1013 1749 potuit,
1103 1727 1105 1730 .

81 1793 117 1842 ut
137 1785 304 1844 fluctuantes
325 1786 403 1844 iuter
421 1793 569 1864 utrumque
593 1797 723 1866 ternpus,
751 1785 836 1848 modo
856 1785 910 1846 buc
929 1783 1015 1846 morio

80 1896 156 1959 iilud
176 1901 321 1978 praesenti
343 1899 545 1977 adjungerent.
587 1901 662 1960 Nam
686 1899 759 1980 qnod
773 1903 953 1964 Goerenzius
977 1899 1014 1962 ab

81 2012 181 2076 Aeni.
203 2015 224 2075 l.
244 2015 270 2076 1.
293 2035 321 2077 c.
337 2019 390 2074 bb.
407 2033 437 2095 p.
454 2019 505 2076 70.
529 2014 617 2089 dicit,
639 2015 707 2076 ideo
725 2035 921 2097 nonnunquam
941 2017 1014 2076 haec

79 2145 212 2213 tempora
233 2145 337 2196 mutata
361 2153 445 2207 esse,
471 2135 536 2213 quia
558 2151 595 2194 cx
616 2133 701 2194 nimis
727 2133 830 2194 erebro
853 2129 1013 2214 imperfecti

81 2267 139 2309 usu
159 2245 259 2310 lectori
273 2249 406 2332 taedium¹
418 2251 576 2331 subrepere
596 2271 683 2331 posse
704 2252 860 2331 scriptores
880 2249 1013 2312 reformi-

80 2365 200 2439 duriut,
226 2367 274 2428 six
292 2368 420 2447 cuiquam
441 2367 618 2448 probabitur.
662 2365 709 2428 Eo
731 2369 824 2428 miuus
845 2379 939 2430 autem
959 2371 1013 2428 mi-

78 2483 200 2545 randum
217 2496 279 2559 est,
302 2486 460 2566 praesenti,
483 2486 513 2544 in
535 2504 591 2565 quo
611 2483 681 2545 lutet
700 2486 743 2546 vis
758 2487 918 2566 praeteriti,
940 2505 1011 2546 nou·

79 2621 222 2682 nunquam
243 2603 411 2683 imperfecta
430 2619 498 2664 esse
519 2600 671 2681 adjuncta,
703 2617 785 2684 quum
805 2603 877 2663 abias
900 2619 1012 2683 quoque

80 2719 186 2779 latinos
208 2715 364 2800 scriptores
386 2737 432 2793 ea,
455 2737 528 2799 quac
548 2719 678 2780 ubsobute
698 2723 744 2797 (ut
760 2721 800 2780 ita
814 2718 921 2801 dicam)
942 2719 1010 2797 poni

81 2838 252 2916 potuissent,
276 2835 313 2901 ad
332 2837 516 2918 praeteritum
531 2845 654 2916 ternpus,
677 2837 703 2896 si
723 2835 752 2897 id
770 2835 907 2916 primario
922 2847 1011 2912 epun-

81 2955 155 3012 tiato
176 2925 393 3028 continebatur,
425 2953 538 3016 referre
559 2955 650 3034 eique'
667 2950 880 3016 accommodare
907 2949 1009 3012 solitos

83 3085 153 3130 esse
179 3081 299 3132 constet.

146 3183 385 3260 Quemadmodum
408 3199 501 3252 autem
522 3189 567 3252 bis
594 3189 688 3262 iocis,
719 3205 791 3266 quos
810 3189 1007 3259 tractavimus,

79 3303 125 3364 vis
152 3305 319 3382 praeteriti,
348 3327 430 3386 quem
450 3310 480 3370 tn
500 3309 653 3391 praesente
673 3307 770 3366 inesse
792 3303 933 3379 diximus,
966 3305 1009 3365 et'·

81 3421 167 3496 inuit,
193 3430 225 3483 ut
245 3422 274 3483 ei
298 3423 462 3504 imperfecta
490 3425 731 3520 adjungerentub,
761 3423 801 3484 itu
821 3425 926 3485 faenum
950 3427 1006 3485 ests

749 3535 803 3604 2*
