2340 3890
973 189 1054 294 ea*

80 437 129 480 *ne
146 419 301 498 planainann
321 415 585 495 uuknnt'plmaiaz',
615 411 664 474 ott
687 417 769 492 qnam
788 411 925 474 Morerns
947 415 1016 474 uitat

90 531 283 596 Ruddimanni
298 531 491 593 institutiones
507 542 662 612 grammat.
672 531 752 590 latin.
769 531 806 590 T.
823 525 864 590 lt.
881 553 909 612 p.
926 537 1013 607 ant„

89 661 228 731 apparet,
251 669 315 710 enm
337 669 375 709 no
397 649 480 742 ittrjm
502 647 614 729 qnidam
635 648 695 708 looi'
714 649 852 707 rationem
874 655 952 710 reete
970 651 1017 712 in-
1071 653 1074 662 ¹

90 767 252 828 tellonisso.
295 766 338 826 Idi
360 767 435 827 enim
457 764 595 845 ejusmodi
624 765 680 825 looi
700 765 874 838 afferuntur,
901 766 1018 845 in‘qni·

90 881 165 956 itus,
191 903 274 964 quum
305 881 423 944 effeetus
454 882 545 944 adhue
572 881 678 942 durans
706 883 901 962 significetur,
934 901 1017 962 prae·

89 1001 174 1061 terito
187 1002 351 1090 praesentia
367 999 499 1079 adjuncta
513 1011 590 1074 sunt,
609 1000 697 1060 veluti
710 1001 740 1058 in
756 1002 874 1062 Terent.
888 997 1015 1079 Adelph.

87 1116 116 1190 1,
140 1105 239 1191 md.
271 1119 319 1179 Eo
338 1137 375 1176 na
399 1136 446 1176 aaa
475 1119 565 1190 aelst,
594 1115 756 1196 consuefeci
772 1117 879 1194 fidam.
918 1116 1018 1192 'Quae

88 1231 218 1294 struendi
247 1233 320 1292 ratio
339 1242 371 1291 nt
397 1235 593 1312 nonnunquam
619 1230 745 1292 admissa
768 1233 806 1290 sit
834 1233 1017 1294 aratoribus

90 1347 296 1430 scriptoribus,
325 1359 419 1408 tamen
441 1349 590 1429 atquibus
612 1347 704 1408 modis
727 1368 762 1410 ea
783 1346 892 1408 admitti
911 1361 1019 1428 ’potne-

89 1467 147 1539 rit,
177 1466 279 1526 melius
301 1465 337 1526 ab
366 1465 451 1560 aliis,
472 1469 563 1546 ‘quam
584 1487 602 1526 a
621 1464 820 1526 Rnddimann'o
848 1465 1019 1525 illustratum

88 1592 134 1644 eat
163 1586 266 1664 (panna
288 1585 363 1644 enim
385 1595 415 1644 et
433 1583 535 1662 jejuna
554 1572 638 1658 sunt,
671 1603 743 1684 quae
770 1581 898 1660 attulit),
927 1601 1018 1662 neque

88 1699 163 1760 hune
192 1700 284 1760 locum
316 1721 352 1761 ex
374 1700 561 1762 similitudino
587 1703 707 1762 illoram.
726 1698 909 1780 judicandam
938 1718 1016 1772 esso,

88 1815 175 1877 iacilo
197 1817 319 1894 intelligi
340 1827 446 1896 potest.
489 1817 585 1890 Nam,
608 1816 721 1897 siquid
742 1817 844 1892 viden,
873 1818 928 1878 hoo
948 1836 1018 1896 qnu·

75 1952 144 2014 -que
165 1932 228 1992 loeo
248 1929 498 1992 animadvertenda
518 1943 564 1992 est
583 1908 633 1992 itta
653 1933 843 2005 consuetudo,
871 1954 944 2012 qnae
966 1953 1018 2014 po-

88 2050 146 2110 situ
174 2049 204 2108 in
225 2050 401 2128 proprietate
429 2049 512 2108 latini
533 2050 673 2109 sermonis
701 2050 841 2110 latissimo
862 2060 956 2129 patet,
987 2030 1030 2108 nt·

87 2166 226 2247 proximis
248 2165 509 2228 accommodaretur
531 2165 683 2226 verborum
706 2177 859 2227 structura.
905 2165 1016 2248 ltaque,
1051 2213 1063 2222 .

88 2301 145 2363 qno
168 2280 296 2344 ducimur
316 2283 505 2344 ratione'loei
528 2284 618 2364 ipsius
640 2295 670 2344 et
691 2283 875 2376 similitudino
904 2304 1015 2358 eorum,

87 2418 162 2481 qnae
183 2417 268 2480 supra
288 2402 370 2480 posui
376 2398 589 2472 ‚statuendum
609 2413 654 2462 ast
673 2386 790 2481 potius.
807 2420 944 2482 praesens
967 2423 1018 2463 aa·

87 2520 167 2580 hoa!
186 2515 311 2598 pendero
326 2537 344 2578 e
362 2516 451 2578 verbo
472 2519 631 2578 sententian
643 2520 845 2598 interpositae:
868 2522 1016 2581 tenendum

87 2645 142 2696 est.
187 2632 245 2696 Sed
266 2655 320 2694 nou
342 2655 473 2714 possm,
506 2635 649 2714 quiahoc
674 2636 738 2696 loeo
761 2647 855 2698 notem
887 2653 1016 2696 errorem

88 2748 226 2830 qnondam
239 2749 379 2823 Ellendti,
403 2753 450 2830 qni
472 2753 501 2810 in
521 2762 647 2812 annotat.
664 2737 699 2811 ad
717 2731 780 2812 cte.
796 2752 880 2812 Brut.
896 2749 925 2832 ξ.
942 2753 1013 2810 tut.

87 2867 118 2928 in
141 2885 258 2930 numero
278 2887 376 2929 eornm
397 2867 543 2941 loentum,
574 2870 604 2927 in
625 2869 724 2948 quibus
746 2890 798 2950 per
815 2865 952 2948 quoddam
972 2877 1015 2926 at·

85 2986 238 3046 tractionis
267 3005 357 3065 genus
377 2985 514 3059 verbnm,
549 2984 622 3064 quod
640 2985 676 3046 ad
696 2985 880 3066 prinoiputaur
901 2993 1015 3046 senteu-

88 3099 159 3160 tiam
175 3101 305 3200 pertinot,
326 3101 565 3164 accommodatum
579 3105 618 3164 sit
638 3101 823 3164 secundariae
843 3101 1013 3177 sententiae,

88 3213 190 3280 retulit
208 3235 316 3298 quoqne
335 3219 428 3280 ionum
448 3219 585 3300 quendam
601 3221 709 3292 Tullii,
732 3219 780 3298 qui
802 3225 847 3278 est
869 3219 898 3279 in
919 3221 969 3280 ttt.
985 3220 1013 3280 Ι.

87 3333 124 3396 do
145 3341 220 3394 orat.
245 3354 273 3394 e.
293 3339 344 3394 nt.
370 3333 402 3418 fi.
420 3341 492 3397 251.
524 3341 600 3400 Erat
620 3338 692 3395 euna
722 3337 861 3410 Athenis,
890 3357 941 3398 reo
962 3339 1015 3396 da·

87 3463 195 3526 mio,
215 3454 246 3514 ni
255 3451 350 3536 fraus
361 3455 495 3534 eupt'toda's
509 3473 566 3516 m
586 3462 682 3525 esset,
699 3455 784 3532 quast
797 3472 910 3534 poenus
928 3453 1015 3510 ποθι·-
