2340 3890
313 677 802 758 PRAEFATIO.

74 925 176 1028 ,Etsi
199 959 301 1034 nostra
331 958 427 1014 aetate
458 968 519 1012 non
536 948 621 1035 pauci
650 947 825 1025 extiterunt,
848 918 952 1032 qrriin
969 966 1022 1014 ex·

98 1063 238 1148 plicandis
258 1064 528 1150 investigandisquc
549 1064 664 1150 legibus
687 1063 885 1149 grammaticis
903 1084 1022 1149 operam

98 1181 289 1256 collocarent,
314 1193 401 1266 atqoe
419 1203 479 1244 non
499 1182 606 1256 solum,
628 1180 696 1263 quid
717 1202 790 1246 usus
812 1179 949 1265 loquendi
973 1200 1022 1244 re·

99 1296 246 1380 qureret,
277 1308 477 1382 exponerent,
510 1297 563 1362 sed
592 1296 700 1374 etiam,
728 1319 803 1382 quac
824 1319 915 1362 cansa
941 1307 1022 1362 esset

99 1413 241 1498 cujusque
266 1416 423 1478 verborum
454 1415 503 1479 vel
535 1414 750 1480 sententiarum
781 1412 1022 1478 conformationis

96 1537 197 1616 (quam
218 1535 475 1596 constructionem
494 1553 520 1599 s.
542 1540 735 1596 structuram
756 1532 896 1612 vocant),
919 1528 1021 1594 sedulo

96 1649 301 1734 explorarent:
327 1661 426 1713 tamen
448 1650 536 1714 etiam
555 1671 635 1714 nunc
650 1661 776 1726 restant,
801 1668 875 1734 quae
892 1657 1021 1712 autnon

58 1791 63 1800 r
93 1763 169 1828 'satis
191 1765 334 1850 explicata
358 1787 424 1830 esse
446 1768 621 1845 videantur,
647 1779 700 1832 ant
720 1778 801 1832 certe
821 1786 882 1830 non
901 1764 944 1828 ita
961 1762 1023 1827 sint

97 1879 260 1954 illustrato,
289 1891 323 1942 ut
343 1881 466 1962 singolis
494 1882 568 1943 locis
595 1883 749 1964 diligenter
775 1882 905 1948 collectis
934 1890 1022 1963 atque

97 1997 175 2060 inter
195 2016 229 2059 se
251 1994 426 2078 comparatis
452 1995 528 2059 ratio
558 1994 650 2060 totins
676 1997 721 2060 rei
747 1997 840 2078 qualis
867 1997 908 2060 sit
934 1995 1020 2060 facile

95 2112 219 2198 intelligi
248 2111 352 2197 possit.
396 2111 439 2200 lta
460 2112 493 2175 in
517 2111 577 2190 iis,
609 2133 685 2196 quae
708 2113 745 2176 dc
766 2124 931 2196 temporum
950 2131 1021 2174 con·

97 2229 267 2306 secutione,
301 2249 387 2312 quarn
416 2228 534 2306 dicunt,
571 2229 661 2314 vulgo
695 2228 940 2318 praecipiuntur,
964 2228 1022 2295 etsi

2 2350 6 2358 '
95 2346 219 2432 plurima
232 2345 350 2422 melius,
372 2366 457 2429 quam
470 2346 540 2410 olirn
553 2347 583 2410 id
598 2349 707 2412 faenum
722 2360 780 2425 est,
803 2371 822 2414 a
835 2345 909 2414 viris
925 2343 1020 2410 doctis

95 2463 251 2548 explanata
271 2483 339 2526 esse
355 2462 509 2548 ridemus,
537 2462 565 2528 is
585 2475 684 2530 tamen
704 2465 809 2542 locus,
841 2485 926 2550 quern
946 2462 1020 2528 mihi
1109 2515 1119 2520 -

94 2581 277 2646 tractandum
298 2579 421 2664 sumpsi,
441 2581 570 2646 nondum
587 2581 658 2646 satis
675 2581 838 2646 illustratus
856 2602 923 2646 esse
937 2579 1019 2644 vide·

93 2699 188 2762 batur.
233 2696 327 2776 Quum
356 2697 434 2760 enim
461 2696 493 2759 in
515 2697 689 2762 Latinorum
718 2698 833 2783 scriptis
853 2717 914 2761 non
934 2693 1018 2779 pauci

92 2813 293 2901 reperirentur
310 2812 386 2891 loci,
409 2813 441 2876 in
461 2812 565 2897 quibus
586 2815 734 2897 praesenti
749 2815 917 2899 adjunctum
938 2821 1018 2874 essct

93 2929 311 3014 imperfectum,
334 2939 421 3014 atque
441 2929 471 2993 id
493 2941 702 3014 quaereretur,
730 2953 788 3016 qna
808 2929 924 2994 ratione
944 2927 1017 2992 haec

93 3051 222 3129 tempora
245 3045 332 3132 jungi
358 3057 497 3130 possent:
525 3049 662 3125 turmot,
694 3048 764 3132 qui,
792 3046 868 3129 qnod
887 3043 1018 3110 maxime

92 3161 123 3224 in
143 3159 200 3224 hoo
221 3161 425 3246 disputationis
442 3143 554 3252 'gepere
582 3165 745 3228 cavendnm
772 3172 835 3239 est,
865 3183 925 3226 nno
944 3163 1017 3226 alte·

91 3298 165 3342 rovo
186 3275 250 3340 loco
279 3289 395 3364 reperto
426 3278 524 3344 statim
554 3279 649 3364 legem
670 3280 813 3362 quandam
842 3281 1016 3361 conderent,
1165 3359 1166 3362 Ἴ

93 3393 138 3458 cui
160 3393 274 3479 reliqua
294 3397 506 3460 accommodari
522 3396 654 3470 vellent3
675 3395 752 3460 unde
765 3399 873 3462 lactum
888 3406 947 3474 εει,
969 3405 1015 3469 ut,
1158 3363 1166 3669 p
