2340 3890
181 187 226 258 24
257 244 267 258 ..

183 373 297 434 dicutur
324 366 383 447 tegi
408 361 526 429 volnitw
551 361 940 448 lht.111.·e.21.§.nt.
968 367 1112 442 marmei-
1150 389 1151 400 ¹

182 505 279 565 riteque
310 495 341 546 et
366 487 511 546 vert'srrino
545 482 709 565 defenditur
740 481 777 566 (i.
800 501 828 544 e.
861 479 976 552 defendi
1006 481 1109 560 solet),

181 621 326 682 nunquam
347 605 517 683 aequitatem
530 601 568 662 od
585 603 710 662 unitate
726 620 815 680 posse
831 599 962 678 emungi.-
984 609 1014 659 et
1027 602 1112 680 quid·

182 721 254 800 quid
271 738 393 799 coquum
405 719 573 798 justumque
593 727 688 789 esset,
719 718 751 778 r'd
769 719 854 778 ett'om
875 719 1043 778 honestum:
1069 720 1112 777 υἱ·

183 839 352 916 m'ert'mque,
381 836 521 915 quidqud!
544 845 621 896 esset
637 836 801 907 honestum,
831 835 864 894 it
882 835 997 911 justum
1022 835 1114 894 etrum

103 975 109 986 ·
183 964 269 1032 atque
289 971 408 1030 coquum
421 951 494 1034 fore
527 971 642 1032 -rquo
664 949 776 1030 quidem
796 950 882 1024 loco,
910 951 958 1031 qui
980 951 1114 1032 proxime

123 1041 128 1052 ¹
183 1067 294 1140 accedit
312 1066 348 1127 ad
370 1067 582 1130 similitudinem
601 1069 779 1149 superiorum
799 1067 864 1151 (lid).
882 1065 917 1128 de
929 1068 978 1129 fin.
997 1067 1037 1140 11,
1052 1073 1113 1128 tt.

183 1182 216 1268 ἕ.
233 1190 286 1245 st.
311 1175 467 1259 'er1v,o,.
488 1185 521 1268 §-
540 1184 629 1269 tt),
658 1205 715 1246 non
735 1184 839 1258 video,
868 1205 938 1264 quas
958 1183 1114 1244 difficulta-

182 1313 229 1364 tes
247 1300 377 1364 Handius
399 1304 545 1364 invenisse
575 1304 630 1364 sibi
653 1271 730 1363 risus
753 1315 808 1364 est.
853 1302 883 1362 Is
905 1302 979 1376 enim
1005 1301 1036 1360 iu
1059 1321 1114 1360 nn-

182 1422 329 1482 nonuone
350 1419 387 1482 au
406 1403 585 1500 warenn
603 1419 699 1480 meri.
724 1420 802 1480 nnn
824 1440 854 1500 p.
874 1424 945 1478 nno.
967 1419 1038 1480 nnec
1059 1418 1114 1478 na.

182 1537 249 1600 bet:
288 1538 356 1611 „In
381 1537 455 1596 libro
477 1533 511 1595 dc
529 1535 590 1614 fic.
612 1535 634 1593 l.
659 1555 688 1594 c.
719 1556 775 1595 non
798 1546 856 1595 tarn
876 1536 970 1596 facilis
997 1533 1115 1598 videtur

184 1672 250 1714 esse
273 1653 489 1734 interpretatio,
517 1661 604 1730 atque
625 1649 737 1735 [quom]
762 1653 942 1714 Goerenzins
964 1652 1115 1714 existima-

182 1741 235 1830 vit.
278 1769 353 1830 Nam
375 1788 466 1850 neque
489 1769 585 1848 agitur
611 1767 649 1830 de
667 1771 826 1852 praeceptis
848 1768 986 1849 quondam
1006 1789 1116 1850 propo·

183 1885 262 1960 sitis,
285 1897 315 1948 ot
336 1900 439 1949 coeunt
458 1884 529 1950 haec
544 1887 631 1949 verba
652 1909 714 1950 eum
729 1886 961 1950 antecedentibus
979 1888 1012 1946 ‘in
1026 1905 1118 1947 unam

183 2005 302 2078 formam
322 2006 382 2079 ita,
406 2018 436 2067 ut
456 2027 512 2066 non
533 2007 626 2085 possit
642 2025 700 2064 non
718 2006 841 2084 permira
861 2001 954 2062 videri
973 2005 1119 2080 temporis

183 2124 397 2194 transmutatio,
427 2125 474 2182 eui
493 2141 581 2182 cnuso
599 2120 683 2178 desit.
726 2117 773 2176 'Et
792 2119 821 2174 in
843 2117 899 2208 fluo
918 2115 1041 2196 positum
1064 2131 1122 2180 est

175 2238 248 2319 sore
271 2257 329 2296 nou
354 2257 434 2297 esee.-
464 2235 539 2314 quod
558 2232 624 2313 qnid
650 2232 841 2310 signiticaret,
868 2251 952 2292 nemo
980 2216 1118 2296 declara·

183 2353 234 2412 cit.
247 2358 273 2390 “
303 2349 359 2422 ¹Ac
379 2352 500 2430 prinum
522 2349 634 2429 quidem
656 2368 739 2429 quum
754 2347 887 2410 Hnndius
906 2349 1029 2422 censuit,
1052 2372 1117 2412 non

182 2487 269 2550 posse
289 2470 434 2549 praesenti
455 2468 816 2548 imperfectumsnhjungi,
839 2469 897 2528 uisi
918 2478 1054 2547 ageretur
1076 2468 1116 2530 do

182 2586 343 2666 praeceptis
364 2583 465 2649 dudum
485 2587 660 2667 propositis,
683 2587 752 2646 item
773 2597 805 2646 ut
819 2585 942 2646 Bcicrns
962 2587 1115 2664 angustio·

184 2689 265 2764 ribus
293 2703 394 2764 finibus
417 2723 477 2764 rem
505 2704 740 2784 circumscripsit.
785 2701 844 2766 Sed
864 2714 897 2763 ut
915 2702 971 2762 hcc
995 2704 1036 2762 ita
1058 2705 1112 2776 sit,
1149 2719 1150 2776 t

183 2793 416 2904 quemadmodum
436 2821 544 2894 votuit,
573 2819 609 2882 de
629 2841 686 2902 quo
703 2819 817 2884 tandem
844 2820 891 2880 iric
911 2821 1025 2899 agitur,
1051 2821 1113 2880 nisi

185 2938 220 3002 de
239 2941 398 3023 praeceptis
419 2918 581 3002 Stoicorum
603 2937 707 3000 dudoni
726 2939 762 2999 ab
784 2939 856 3018 ipsis
877 2936 1047 3017 disciplinae
1061 2956 1114 2996 an·

184 3059 311 3120 cruribus
332 3056 508 3140 propositis?
549 3056 649 3136 Itaque
677 3056 704 3116 si
724 3075 784 3116 ren
813 3057 903 3136 ipsam
933 3064 1112 3148 spectamus,
1149 3113 1150 3124 ,

185 3171 272 3274 nihil·
286 3195 422 3256 apparere
451 3173 552 3247 video,
583 3193 638 3253 quo
661 3173 690 3234 hi
720 3173 778 3261 loci
796 3174 873 3234 inter
894 3192 927 3234 sc
955 3170 1113 3248 diffcrnn13
1149 3149 1150 3224 i

187 3307 324 3368 quumque
345 3294 374 3352 in
394 3292 591 3375 praesentibus
604 3294 834 3370 intepretentur
847 3327 889 3340 -
910 3291 1019 3362 dicmur,
1042 3291 1117 3350 item
1149 3265 1150 3351 i

186 3417 217 3472 ut
238 3407 268 3467 in
290 3425 318 3468 v.
341 3407 504 3489 defendite
523 3410 671 3494 praeteriti
687 3409 771 3474 simul
790 3411 835 3474 vis
856 3409 942 3482 insit,
963 3426 1001 3470 ne
1022 3425 1113 3469 causo
